2692 5122
98 464 104 478 t

714 557 720 571 Ι

506 800 681 851 AENIIIDOS
702 802 771 850 LIB.
786 802 832 848 11.
1107 800 1166 858 Μ

186 938 306 998 Turnus
323 937 410 1015 Itym,
427 937 637 1016 Cloniumque,
652 940 841 1017 Dioxippum,
858 937 1099 1013 Promolumque,

186 1029 224 1091 Bt
238 1031 386 1109 Sagarim,
400 1040 429 1089 et
443 1033 563 1090 summis
577 1042 703 1091 stantem
717 1053 770 1110 pro
783 1032 914 1089 turribus
928 1029 1002 1086 Idan
1017 1049 1025 1099 ;
1107 1028 1165 1087 575

185 1124 361 1183 Privernum
376 1122 488 1201 Capys.
529 1125 622 1183 Hunc
638 1125 730 1203 primd
744 1126 817 1182 levis
831 1125 917 1181 hasta
929 1122 1065 1181 Temiltae

187 1217 372 1274 strinxerat:
395 1216 443 1273 ille
458 1235 585 1289 manum,
602 1218 733 1296 projecto
746 1217 887 1295 tegmine,
904 1215 1025 1273 demens

186 1309 231 1367 Ad
244 1309 353 1366 vulnus
366 1309 432 1366 tulit
446 1329 453 1377 ;
477 1329 550 1387 ergo
564 1312 620 1368 alis
634 1311 748 1388 allapsa
761 1311 881 1387 sagitta,

186 1401 224 1460 Et
238 1401 313 1460 laevo
329 1400 417 1459 affixa
430 1410 475 1460 est
490 1390 576 1461 litori
591 1423 704 1474 munus,
722 1402 881 1477 abditaque
895 1402 973 1459 intus

187 1493 371 1572 Spitamenta
386 1495 489 1553 animm
504 1496 586 1553 letali
600 1497 722 1554 vulnere
737 1496 852 1573 rumpit.
924 1504 925 1507 ’

186 1587 287 1646 Stabat
301 1587 332 1645 in
345 1589 478 1666 egregiis
493 1589 632 1647 Arcentis
646 1589 723 1647 lilius
738 1590 836 1659 armis,

184 1680 287 1739 Pictus
303 1701 360 1739 acu
376 1683 572 1758 chlamydem,
589 1692 617 1740 et
633 1684 782 1761 ferrugine
797 1684 897 1740 clarus
912 1679 1012 1752 lberd,

184 1773 313 1854 Insignis
329 1776 416 1846 facie,
433 1776 551 1853 genitor
564 1796 650 1853 quem
665 1778 784 1834 miserat
799 1779 926 1846 Arcens,

183 1867 332 1926 Eductum
346 1868 454 1925 Matris
468 1869 547 1939 luco,
564 1870 723 1948 Symaethia
739 1870 850 1927 circum

183 1958 331 2031 Flumina,
348 1962 465 2038 pinguis
480 1962 529 2020 ubi
544 1974 572 2019 et
588 1963 742 2038 placabilis
756 1981 808 2019 ara
822 1961 927 2020 Palici.

184 2050 361 2112 Stridentem
375 2053 504 2124 fundam,
521 2055 623 2130 positis
637 2055 806 2112 Mezentius
821 2055 924 2126 hastis,

183 2143 251 2222 Ipse
265 2155 312 2204 ter
325 2144 454 2204 adductis
469 2147 579 2205 circum
594 2160 681 2224 caput
697 2149 757 2224 egit
772 2147 900 2218 hebeni,

182 2237 221 2296 Et
235 2239 333 2296 media
347 2239 464 2295 adversi
478 2240 638 2315 liquefacto
652 2250 785 2317 temporo
801 2241 918 2317 plumbo

182 2329 307 2401 Diffidit,
325 2349 359 2388 ac
374 2331 466 2389 multis
481 2341 650 2408 porrectum
665 2333 794 2389 extendit
809 2331 912 2390 erenei.

218 2421 297 2480 Tum
312 2422 434 2500 primum
449 2424 528 2480 bello
541 2424 672 2481 celerem
686 2424 846 2481 intendisse
861 2425 999 2501 sagittam

182 2513 312 2586 Dicitur,
328 2515 394 2573 ante
410 2516 490 2573 ferus
503 2515 606 2573 solitus
619 2525 734 2574 terrere
753 2516 887 2593 fugaces,

182 2608 339 2679 Ascamus
357 2609 521 2684 fortemque
536 2629 625 2667 manu
641 2609 751 2666 fudisse
767 2609 935 2666 Numanum
951 2627 958 2676 ;

182 2698 240 2759 Cui
254 2701 382 2758 Remulo
396 2721 561 2779 cognomen
576 2711 640 2760 erat
655 2722 662 2772 ;
685 2701 840 2777 Turnique
855 2702 996 2760 minorem

181 2791 373 2864 Germanum,
390 2814 484 2871 nuper
496 2795 627 2853 thalamo
642 2795 782 2865 sociatus,
798 2794 936 2852 habebut.

182 2883 213 2943 Is
225 2885 349 2962 primam
363 2895 432 2944 ante
447 2889 552 2958 aciem,
569 2889 659 2966 digna
673 2896 761 2965 atque
776 2888 896 2965 indigna
910 2887 1005 2946 relatu

179 2975 368 3049 Vociferans,
384 2981 571 3057 tumidusque
586 3002 661 3040 novo
677 2981 840 3059 praecordia
853 2999 956 3058 regno,

180 3070 254 3142 Ibat,
272 3082 301 3131 et
314 3073 465 3150 ingentem
480 3095 547 3133 sese
563 3076 693 3134 clamore
707 3076 822 3134 serebat
837 3094 844 3132 ε

217 3165 285 3222 Non
301 3165 389 3241 pudet
404 3167 555 3226 obsidione
570 3170 675 3227 iterum
690 3171 828 3247 velleque
842 3169 949 3240 teneri,

177 3256 230 3316 Bis
244 3259 323 3335 capti
337 3259 483 3337 Phryges,
500 3271 529 3318 et
543 3261 636 3320 Marti
649 3263 832 3339 praetendere
847 3281 947 3319 muros
960 3261 971 3317 i

178 3349 237 3421 En,
254 3352 304 3426 qui
319 3359 419 3408 nostra
434 3353 489 3410 sibi
504 3354 581 3410 bello
595 3356 744 3412 connubia
758 3362 882 3431 poscunt
897 3357 903 3411 !

178 3441 255 3510 Quis
269 3442 343 3501 deus
357 3443 484 3515 ltaliam,
503 3466 569 3520 qum
583 3466 636 3504 vos
650 3447 798 3503 dementia
812 3446 910 3523 adegit
925 3445 936 3500 i

177 3535 245 3594 Nou
260 3535 310 3593 hic
325 3536 448 3607 Atridae,
465 3557 521 3595 nec
536 3537 614 3595 Iandi
629 3538 714 3595 lictor
729 3538 862 3614 Ulysses.

177 3626 294 3686 Durum
309 3631 346 3685 ab
362 3630 452 3706 stirpe
468 3649 574 3706 genus,
592 3644 678 3688 natos
691 3631 727 3687 ad
741 3631 859 3688 flumina
877 3629 1002 3708 prImitm

176 3719 357 3792 Deserimus,
372 3742 512 3798 saevoque
527 3723 596 3800 gelu
612 3723 752 3781 duremus
765 3733 795 3781 et
809 3725 914 3781 undis:

178 3811 299 3870 Venutu
315 3814 467 3890 invigilent
483 3816 577 3893 pueri,
594 3816 743 3893 silvasque
759 3817 880 3893 fatigant
894 3837 901 3875 τ

177 3904 317 3963 Flectere
332 3906 419 3964 ludus
433 3927 536 3983 equos,
554 3917 582 3966 et
597 3910 710 3986 spicula
724 3910 846 3967 tendere
864 3930 966 3970 cornu.

176 3997 213 4056 At
228 3999 345 4075 patiens
359 4019 480 4076 operum
495 4021 644 4078 parvoque
659 4012 778 4061 assueta
788 4003 939 4078 juventus,

175 4090 234 4147 Aut
250 4092 356 4148 rustris
369 4102 479 4151 terram
493 4095 601 4166 domat,
618 4105 668 4152 aut
684 4096 777 4171 quatit
792 4095 898 4172 oppida
912 4096 998 4155 bello.

175 4181 270 4241 Omne
286 4203 382 4242 aevum
396 4185 475 4244 ferro
488 4188 594 4245 teritur
610 4207 617 4256 ;
641 4187 787 4265 versique
798 4187 960 4263 juveucdm

174 4273 277 4354 Terga
293 4276 450 4354 fatigamus
464 4279 570 4337 hasti:
594 4282 749 4338 nectardo
763 4289 903 4339 senectus

174 4368 320 4428 Debilitat
334 4372 413 4429 vires
427 4374 525 4443 animi,
539 4382 692 4449 mutatque
706 4376 837 4453 vigorem
851 4397 858 4445 ;

175 4459 325 4520 Canitiem
339 4463 429 4540 galei
443 4467 600 4542 premimus
615 4486 621 4536 ;
646 4487 820 4544 semperque
835 4479 973 4527 recentes

174 4553 372 4633 Compertare
386 4558 471 4632 juvat
486 4559 611 4635 proedas,
627 4570 656 4618 et
671 4562 770 4618 vivere
784 4570 878 4638 rapto.

448 4653 488 4708 28
839 4671 883 4712 un
