2692 5122
210 379 265 435 140
493 371 709 419 evincunt
735 371 907 420 Minonis

206 512 334 571 Hostilia
348 511 441 569 socies
455 520 605 583 occurrat,
621 520 651 569 et
665 512 762 569 omina
775 514 882 571 turbet.

205 606 298 665 Hunc
313 607 387 664 socii
401 625 512 664 morem
527 626 690 676 sacrorum,
707 607 786 663 hunc
801 606 863 682 ipse
877 611 999 688 tenet03

205 700 278 759 Heio
292 700 366 758 casti
381 709 518 757 maneant
534 700 562 757 in
578 700 721 776 religione
737 708 868 776 nepotes.

204 795 271 864 Ast,
285 794 334 850 ubi
348 794 513 871 digressum
529 793 637 850 Siculae
652 802 681 849 te
697 793 859 850 admoverit
873 812 933 850 orae
1130 794 1190 872 410

204 886 332 956 Ventus,
349 894 378 943 et
394 886 512 962 angusti
527 894 680 944 rarescent
697 887 829 943 claustra
840 885 950 957 Pelori,

203 980 297 1040 Laeva
310 981 363 1038 tibi
377 980 475 1049 tellus,
492 988 521 1037 et
536 979 626 1056 longo
640 980 715 1036 laeva
730 988 867 1055 petantur

205 1073 342 1150 AEquora
356 1075 503 1132 circuitu:
527 1074 663 1131 dextrum
678 1074 747 1150 suge
761 1074 853 1143 littus,
870 1084 898 1130 et
913 1073 1017 1132 undas.

203 1167 282 1226 Haec
298 1169 374 1238 loca,
391 1167 419 1224 vi
435 1168 581 1242 quondam
595 1174 624 1222 et
640 1166 726 1225 vasti
739 1168 882 1224 convulsa
902 1164 1000 1238 ruind,

205 1260 349 1340 (Tantum
364 1261 420 1318 ravi
433 1261 596 1337 longinqua
610 1261 688 1317 valet
703 1268 817 1337 mutare
834 1269 966 1318 vetustas
979 1260 1001 1338 !)
1127 1261 1187 1319 415

202 1354 378 1413 Dissiluisse
393 1354 501 1424 serunt,
520 1373 609 1428 quum
625 1361 765 1430 protenus
780 1362 906 1428 utraque
920 1353 1009 1411 tellus
1023 1386 1027 1391 ·
1090 1334 1099 1351 ⁰

202 1447 271 1506 Una
285 1449 360 1505 soret
374 1447 483 1505 :lvenit
499 1445 594 1503 medio
609 1447 638 1503 vi
656 1455 773 1522 pontus,
790 1455 819 1502 et
835 1446 919 1503 undis

202 1540 384 1618 Hesperium
399 1540 500 1597 Siculo
514 1540 592 1597 latus
606 1539 742 1608 abscidit,
760 1558 892 1614 arvaque
907 1547 936 1596 et
951 1539 1040 1596 urbes

201 1633 316 1693 Littore
332 1633 465 1690 diductas
480 1641 607 1709 angusto
623 1633 751 1689 interluit
767 1642 850 1689 aestu.

200 1725 348 1785 Dextrum
364 1725 466 1801 Scylla
480 1727 568 1795 latus,
584 1725 690 1782 laevum
704 1726 861 1802 implacata
877 1723 1046 1802 Charybdis
1126 1727 1187 1785 420

201 1819 336 1889 Obsidet,
353 1827 441 1894 atque
456 1819 513 1876 imo
528 1818 659 1875 barathri
672 1828 718 1876 ter
732 1820 850 1896 gurgite
865 1832 965 1877 vastos

202 1914 308 1970 Sorbet
323 1913 352 1968 in
368 1914 524 1989 abruptum
537 1912 656 1982 fluctus,
673 1925 836 1987 rursusque
851 1914 905 1969 sub
921 1930 1011 1970 auras

199 2005 299 2084 Erigit
314 2006 453 2075 alternos,
471 2013 499 2062 ct
514 2005 613 2062 sidera
626 2006 764 2063 verberat
779 2005 902 2089 unda),

198 2100 243 2161 At
258 2101 388 2176 Scyllam
401 2100 490 2157 caecis
504 2099 623 2156 cohibet
638 2100 781 2176 spelunca
795 2099 926 2171 latebris,

200 2193 263 2253 Ora
278 2201 485 2263 exsertantem,
502 2201 532 2249 et
546 2212 638 2251 naves
653 2194 681 2250 in
696 2212 769 2250 saxa
782 2194 956 2251 trahentem.
1124 2195 1185 2254 425

199 2286 301 2348 Prima
314 2288 440 2344 hominis
454 2287 557 2357 facies,
575 2296 604 2345 et
618 2287 741 2364 pulchro
756 2297 876 2363 pectore
891 2289 974 2367 virgo

199 2380 284 2441 Pube
299 2389 406 2448 tenus;
432 2389 580 2456 postrema
593 2380 711 2437 immani
727 2399 851 2457 corpore
866 2381 975 2458 pristis,

199 2471 381 2551 Delphinum
395 2474 508 2532 caudas
522 2482 607 2531 utero
622 2474 780 2530 commissa
795 2475 938 2550 luporum.

199 2565 327 2627 Praestat
341 2568 490 2625 Trinacrii
504 2575 597 2624 metas
611 2567 737 2623 lustrare
751 2566 887 2643 Pachyni

201 2659 389 2730 Cessantem‚
406 2662 511 2738 longos
526 2669 553 2717 ot
569 2659 804 2717 circumflectere
819 2680 936 2732 cursus,
1125 2663 1185 2720 430

200 2753 300 2822 Quam
315 2754 405 2811 semel
421 2754 573 2812 informem
588 2762 672 2810 vasto
687 2753 795 2810 vidisse
810 2756 864 2810 sub
880 2762 966 2814 antro

201 2849 341 2925 Scyllam,
358 2857 387 2905 et
401 2849 538 2906 caeruleis
551 2848 676 2904 canibus
690 2848 861 2904 resonantia
875 2866 956 2907 saxa.

199 2938 362 3014 Praeterea,
379 2943 403 2999 si
419 2962 477 3018 qua
491 2951 536 2999 est
551 2940 671 2998 Heleno
686 2941 850 3017 prudentia,
868 2942 928 2998 vati

201 3036 306 3112 Siqua
322 3036 404 3106 fides,
422 3037 551 3093 animum
565 3035 591 3092 si
606 3035 684 3092 veris
699 3036 798 3111 implet
814 3035 932 3112 Apollo,

200 3128 299 3186 Unum
314 3129 384 3186 illud
399 3129 461 3199 tibi,
477 3139 546 3186 nate
561 3127 629 3198 det,
646 3149 766 3205 praeque
781 3129 915 3186 omnibus
931 3148 1020 3188 unum
1124 3131 1184 3188 4³5

199 3221 375 3292 Proedicam,
392 3232 421 3278 et
435 3230 574 3297 repetens
588 3221 753 3298 iterumque
769 3224 934 3298 iterumque
948 3223 1082 3282 monebo.

198 3313 327 3383 Junqnis
341 3334 456 3391 magnae
472 3314 595 3389 primum
610 3334 698 3389 prece
714 3335 821 3373 numen
837 3317 928 3374 adora
942 3335 949 3385 ;

198 3406 310 3466 Junoni
324 3427 399 3465 cane
415 3416 482 3464 vota
497 3408 602 3476 libens,
618 3407 824 3484 dominamque
840 3419 988 3487 potentem

200 3501 388 3578 Supplicibus
400 3520 512 3577 supera
526 3500 630 3557 donis:
653 3501 696 3558 sic
711 3502 838 3578 denique
853 3504 948 3563 victor

199 3591 358 3651 Trinacrii
374 3592 447 3649 fines
463 3591 556 3649 Italos
570 3591 686 3652 mittere
701 3595 815 3654 relicta.
1125 3601 1186 3658 440

199 3685 272 3745 Huc
288 3686 336 3742 ubi
351 3686 466 3743 delatus
481 3686 635 3745 Cumaeam
651 3690 815 3747 accesseris
831 3692 943 3763 urbem,

198 3778 385 3854 Divinosque
400 3779 492 3849 lacus,
511 3790 538 3837 et
553 3783 673 3838 Averna
686 3785 822 3841 sonantia
840 3785 932 3856 silvis,

200 3870 339 3929 Insanam
355 3881 452 3930 vatem
467 3874 624 3950 adspicies,
642 3895 707 3950 quae
722 3896 795 3954 rupe
811 3881 865 3935 sub
880 3877 939 3937 imai

200 3963 279 4024 Fata
294 3967 383 4037 cauit,
401 3967 536 4041 foliisque
552 3977 636 4025 notas
651 3979 679 4026 et
695 3971 812 4028 nomina
826 3972 954 4031 mandat.

201 4057 409 4135 Quaecumque
424 4060 454 4116 in
469 4060 545 4117 soliis
559 4060 715 4138 descripsit
729 4065 862 4121 carmina
876 4067 971 4143 virgo,

199 4149 319 4231 Digerit
335 4153 363 4211 in
377 4173 541 4225 numerum,
558 4162 647 4230 atque
662 4163 746 4214 antro
761 4158 879 4214 seclusa
893 4157 1031 4233 relinquit
1047 4178 1054 4215 ε
