2692 5122
452 793 630 845 AEustnos
649 796 720 844 ΗΒ.
734 798 771 844 11.

122 932 301 993 clarescunt
315 931 440 1004 sonitus,
456 952 665 1011 armorumque
679 936 789 1014 ingruit
802 936 917 995 horror.

120 1026 266 1085 Excutior
279 1045 392 1097 somno,
409 1035 439 1084 et
452 1028 559 1085 summi
574 1029 694 1107 fastigia
708 1030 779 1088 tecti

119 1121 256 1177 Ascensu
271 1138 391 1196 supero,
408 1128 497 1196 atquo
513 1122 639 1179 arrectis
653 1123 774 1180 auribus
789 1122 894 1181 adsto:

120 1212 154 1271 ln
166 1206 303 1290 segetem
317 1212 408 1271 veluti
423 1212 655 1289 quamam,
671 1216 837 1275 furentibus
850 1216 982 1290 Austris,

119 1304 235 1379 Incidit,
252 1315 304 1365 aut
318 1307 440 1384 rapidus
453 1317 593 1367 montano
607 1309 727 1367 flumine
740 1321 857 1370 torrens
1045 1314 1105 1371 305

119 1401 229 1458 Sternit
243 1420 343 1479 agros,
359 1402 464 1459 sternit
477 1412 544 1460 sata
558 1403 636 1474 laeta,
653 1405 801 1480 boumque
816 1405 946 1477 labores,

118 1492 351 1571 Praecipitesque
365 1495 561 1554 trahit-silvas
575 1516 582 1566 ;
607 1505 704 1573 stupet
722 1497 834 1557 in'scius
848 1499 908 1559 alto

118 1587 279 1664 Accipiens
293 1588 421 1645 sonitum
435 1590 499 1645 sexi
514 1588 550 1647 de
565 1590 678 1647 vertice
694 1599 804 1667 pastor.

117 1678 194 1736 Tum
208 1679 280 1736 verb
295 1681 452 1738 manifeste
466 1680 550 1761 fides,
566 1683 766 1761 Danaumque
782 1691 938 1762 patescunt

71 1766 246 1923 ylpsidiae.
288 1775 360 1833 Jam
376 1756 526 1853 Deiphobi
540 1777 619 1835 dedit
634 1780 732 1857 ampla
746 1781 873 1853 ruinam,
1042 1781 1103 1839 310

117 1867 146 1924 V

79 1932 83 1943 ¹
147 1869 255 1928 ulcano
269 1881 441 1948 superante
458 1872 585 1942 domus;
604 1875 667 1950 jam
686 1895 836 1952 proximus
849 1848 934 1933 ardet

52 1962 72 1977 ⁸
118 1962 291 2041 Ucalegon3
316 1966 427 2042 Sigea'
420 1985 482 2043 igni
474 1966 572 2025 freta
586 1967 646 2025 lata
659 1969 804 2028 relucent.

118 2057 260 2116 Exoritur
273 2059 485 2135 clamorque
459 2061 553 2118 virum
568 2062 752 2140 clangorque
765 2062 914 2122 tubarum.

118 2152 209 2210 Arma
224 2171 327 2209 amens
340 2154 425 2230 capio
441 2173 449 2222 ;
473 2174 529 2212 nec
544 2163 591 2212 sat
605 2156 728 2213 rationis
742 2156 771 2213 in
786 2157 877 2214 armis
891 2176 899 2225 ;

119 2245 175 2304 Sed
188 2246 357 2324 glomerare
372 2268 490 2307 manum
504 2249 593 2319 bello,
611 2257 639 2305 et
653 2269 834 2307 concurrere
849 2251 879 2307 in
894 2268 994 2307 arcem
1043 2249 1103 2307 315

119 2336 195 2399 cnm
210 2340 300 2398 sociis
315 2341 420 2398 ardent
436 2340 524 2398 animi
540 2360 546 2397 :
571 2341 653 2399 suror
666 2342 771 2418 iraque
785 2354 914 2400 mentem

118 2430 307 2511 Praecipitant
322 2454 330 2503 ;
356 2435 570 2511 pulchrumque
586 2435 661 2492 mori
679 2436 826 2492 succurrit
841 2436 870 2492 in
885 2435 984 2493 armis.

154 2526 239 2585 Ecca
254 2535 354 2584 autern
368 2527 435 2584 talis
449 2526 584 2584 Panthus
598 2528 718 2604 elapsus
732 2524 891 2599 Achivum,

116 2617 249 2678 Panthus
263 2620 444 2696 Othryades,
462 2620 541 2677 arcis
555 2620 723 2696 Pboebique
737 2619 892 2690 sacerdos,

118 2713 209 2771 Sacra
224 2734 324 2783 manu,
341 2714 495 2788 victosque
510 2713 592 2784 deos,
612 2732 794 2790 parvumque
808 2720 956 2790 nepotem,
1045 2713 1105 2771 330

118 2804 184 2883 lpse
198 2807 299 2877 trahit,
315 2825 466 2881 cursuque
482 2826 584 2864 amens
600 2807 637 2864 ad
654 2807 755 2864 limina
769 2808 871 2866 tendit.

118 2896 186 2964 Quo
201 2918 250 2956 res
265 2919 379 2956 summa
392 2899 469 2970 loco,
485 2900 602 2958 Panthu
621 2901 631 2957 ?
654 2919 741 2976 quam
758 2900 928 2977 prendimus
942 2898 1067 2959 arcem?

116 2989 175 3049 Vix
188 3012 226 3049 ea
241 2992 318 3049 satus
333 3011 423 3063 eram,
441 2994 550 3070 gemitu
567 3013 657 3070 quurn
671 2994 743 3050 talia
760 2993 855 3051 reddit
871 3012 878 3051 :

116 3084 206 3143 Venit
221 3104 334 3143 summa
348 3085 411 3143 dies
425 3096 454 3144 et
469 3088 659 3146 ineluctabile
672 3096 788 3165 tempus

115 3178 289 3238 Dardaniae.
332 3179 457 3238 Fuimus
469 3181 568 3239 Trois
584 3202 592 3250 3
617 3182 670 3239 suit
685 3182 782 3250 Ilium,
800 3190 829 3239 et
847 3181 953 3258 ingens
1044 3180 1103 3237 305

115 3272 221 3332 Gloria
235 3273 432 3331 Teucrorum.
475 3275 573 3331 Ferus
587 3276 686 3331 omnia
698 3276 818 3352 Jupiter
831 3276 932 3350 Argos

115 3365 283 3424 Transtulit
297 3386 304 3434 ;
328 3365 453 3424 incensis
466 3366 568 3424 Danai
582 3367 769 3424 dominantur
783 3368 812 3423 in
828 3368 912 3423 urbe.

116 3458 237 3517 Arduus
252 3469 382 3516 armatos
397 3459 501 3515 mediis
518 3459 546 3515 in
561 3459 708 3515 rnoenibus
723 3458 845 3514 adstans

115 3549 226 3609 Fundit
244 3571 362 3626 equus;
387 3552 540 3625 victorque
557 3551 648 3606 Sinon
663 3550 802 3607 incendia
816 3550 920 3607 miscet

116 3640 290 3721 Insultans:
314 3644 407 3720 portis
422 3644 471 3700 alii
487 3643 684 3719 bipatentibus
700 3643 818 3710 adsunt,
850 3630 863 3649 ⁸
1045 3645 1105 3701 330

114 3734 213 3794 Millia
228 3720 297 3812 quot
312 3738 429 3815 magnis
445 3756 573 3813 unquam
588 3736 697 3795 venire
717 3736 865 3814 Mycenis.

114 3826 271 3888 Obsedire
286 3831 336 3887 alii
350 3831 418 3887 telis
433 3838 560 3908 angusta
573 3831 688 3888 viarum

114 3920 273 3998 Oppositi:
297 3932 356 3980 stat
374 3923 443 3981 scrri
458 3924 539 3981 acies
552 3943 693 3981 mucrone
708 3942 835 3981 corusco

114 4014 236 4085 Stricta,
255 4026 359 4093 parata
373 4017 460 4073 neci:
483 4016 532 4074 vix
546 4017 631 4094 primi
623 4017 750 4093 proelia
765 4024 879 4074 tentant

112 4107 273 4193 Portarum
287 4108 403 4186 vigiles,
419 4118 448 4165 et
464 4129 545 4166 cmco
559 4109 658 4167 Marte
673 4108 823 4167 resistunt.
1043 4109 1103 4166 335

105 4190 110 4197 ’
154 4200 280 4259 Talibus
295 4202 456 4278 Othryadae
471 4203 558 4260 dictis
572 4212 601 4260 et
618 4205 737 4260 numine
752 4200 852 4262 divfim

112 4292 151 4353 In
168 4293 299 4351 flammas
314 4305 342 4352 et
357 4297 386 4352 in
404 4316 487 4353 arina
502 4296 590 4366 seror,
610 4296 668 4373 qud
682 4298 775 4355 tristis
789 4298 932 4374 Erinnys,

113 4386 186 4454 Qua
202 4387 334 4445 fremitus
348 4398 445 4457 vocat,
462 4398 492 4446 ct
506 4390 640 4447 sublatus
656 4391 692 4448 ad
708 4393 819 4449 athera
833 4392 954 4449 clamor.

112 4478 239 4539 Addunt
254 4500 286 4536 sc
301 4482 398 4539 socios
412 4483 549 4560 Rhipeus
563 4492 592 4540 ct
607 4485 752 4542 maximus
767 4485 856 4541 armis

110 4570 235 4650 Epytus
249 4592 256 4642 ;
280 4573 370 4631 oblati
384 4595 437 4653 per
450 4576 550 4634 lunam
565 4576 764 4653 Hypanisque
778 4575 965 4653 Dymasque,
1043 4576 1102 4633 340
