2692 5122
211 379 264 437 156
492 376 519 422 1³.
538 377 704 425 vntum!
727 378 898 428 Maaoms

208 512 330 592 Ignotus
345 523 472 591 peteres,
489 525 518 573 et
532 516 625 592 Troja
639 518 759 594 antiqua
773 526 917 589 maneret,

208 605 302 681 Troja
316 626 368 683 per
382 607 526 666 undosum
541 618 693 685 peteretur
706 610 851 667 classibus
866 629 969 686 aequor
984 609 995 665 i

210 697 304 757 Mene
319 700 396 778 fugis
411 701 421 757 ἓ
462 701 523 759 Per
536 721 593 779 ego
608 702 662 760 has
676 703 825 779 lacrymas
839 703 1032 779 dextramque
1045 709 1137 776 tuam,
1150 710 1193 777 te,

211 789 354 868 (Quando
369 795 448 852 aliud
463 795 533 852 mihi
549 796 613 870 jam
627 796 742 853 miserae
757 796 828 853 nihil
842 797 907 873 ipsa
920 795 1055 873 reliqui,)
1135 798 1196 855 315

209 885 269 944 Per
283 888 432 945 connubia
446 897 558 959 nostra,
575 908 628 965 per
642 889 775 966 inceptos
789 889 969 966 hymenaeos,

210 978 241 1036 Si
256 982 331 1036 bene
347 980 417 1056 quid
432 980 468 1037 de
483 990 512 1038 te
527 982 631 1052 merui,
649 982 701 1039 suit
717 990 767 1039 ant
781 983 834 1039 tibi
849 982 1009 1057 quidquam

210 1069 309 1130 Dulce
324 1092 432 1145 meum,
450 1073 591 1131 miserere
607 1072 709 1132 domita
724 1075 860 1145 labentis,
877 1083 906 1131 et
920 1076 1017 1144 istam,

210 1164 282 1237 Oro,
299 1165 324 1222 si
340 1166 405 1241 quis
420 1166 517 1239 adhuc
532 1167 670 1244 precibus
685 1168 779 1238 locus,
795 1187 871 1225 exue
886 1175 1023 1225 mentem.
1082 1166 1083 1171 '

209 1257 256 1315 Te
271 1266 390 1334 propter
402 1257 526 1335 Libycae
543 1270 648 1337 gentes
662 1260 890 1336 Nomadumque
904 1259 1022 1337 tyranni
1135 1260 1198 1316 aab

210 1348 311 1410 Odere
326 1370 333 1419 ;
358 1351 465 1409 infensi
478 1353 563 1429 Tyrii
578 1372 585 1421 ;
609 1363 638 1409 te
653 1362 773 1430 propter
786 1354 913 1410 eundem

209 1443 368 1502 Extinctns
383 1445 486 1522 pudor,
503 1455 543 1516 et,
560 1445 619 1521 quai
633 1445 698 1503 sold
712 1447 811 1503 sidera
831 1447 957 1517 adibam,

209 1536 305 1596 Fama
320 1538 408 1614 prior.
451 1537 510 1596 Cui
526 1557 571 1595 me
586 1539 789 1595 moribundam
803 1539 927 1609 deseris,
944 1537 1078 1615 hospes?

210 1629 281 1689 Hoc
295 1631 510 1708 solum'nonren
526 1633 662 1707 quoniam
677 1632 713 1689 de
728 1632 855 1708 conjuge
870 1640 971 1690 restat.

211 1721 291 1791 Quid
308 1743 406 1782 moror
420 1725 430 1780 l
453 1744 491 1782 an
505 1745 572 1782 mea
585 1724 760 1802 Pygmalion
774 1725 842 1782 dum
857 1726 967 1782 moenia
980 1725 1075 1784 frater
1136 1727 1199 1785 896

210 1816 365 1888 Destruat,
383 1826 432 1875 aut
447 1826 564 1895 captam
579 1818 668 1875 ducat
682 1814 820 1921 quulus
834 1817 940 1875 Iarbas
955 1819 965 1874 1

211 1910 324 1968 Saltem
338 1911 363 1968 si
377 1931 436 1987 qua
450 1911 520 1968 mihi
534 1911 570 1968 de
584 1920 614 1968 te
629 1920 769 1987 suscepta
783 1910 886 1969 suisset

210 2004 289 2062 Ante
305 2005 405 2082 fugam
419 2005 537 2063 soboles
552 2024 559 2074 ;
583 2005 608 2062 si
623 2005 688 2080 quis
702 2004 772 2061 mihi
787 2005 926 2081 pamulae
941 2004 1012 2064 auld

210 2096 344 2157 Luderet
357 2098 487 2168 AEneas,
501 2098 594 2174 quite
608 2107 707 2155 tamen
721 2117 773 2155 ora
788 2098 914 2156 referret
926 2119 933 2167 ;

200 2190 280 2249 'Non
295 2191 431 2267 equidem
446 2192 564 2250 omnino
579 2200 666 2268 capta
681 2210 716 2248 ac
731 2191 849 2249 deserta
864 2192 990 2249 viderer.
1139 2197 1199 2254 380

251 2283 387 2344 Dixerat.
430 2285 484 2342 llle
499 2285 584 2343 Jovis
598 2284 714 2342 monitis
729 2286 848 2343 immota
860 2288 981 2343 tenebat

99 2372 103 2381 '
211 2375 350 2447 Lumina,
367 2386 395 2436 et
410 2378 535 2435 obnixus
549 2397 651 2435 curam
666 2380 721 2435 snb
736 2378 826 2435 corde
848 2380 1009 2455 premebat.

212 2467 347 2528 Tandem
362 2489 459 2547 pauca
472 2469 582 2527 resert:
604 2470 672 2546 Ego
686 2479 726 2540 te,
744 2490 810 2546 quae
826 2469 951 2547 plurima
965 2471 1053 2529 lando

211 2561 399 2620 Enumerare
414 2563 505 2632 vales,
522 2582 683 2637 nunquam,
699 2563 814 2640 regina,
830 2566 947 2640 negabo

211 2653 407 2713 Promeritam
421 2676 428 2724 3
452 2675 508 2712 nec
523 2675 568 2711 me
583 2656 752 2713 meminisse
767 2656 877 2733 pigebit
892 2657 1011 2729 Elissae,
1137 2662 1199 2719 835

211 2746 292 2805 Dum
307 2768 419 2806 memor
430 2749 493 2824 ipse
507 2748 574 2818 mei,
592 2749 659 2805 dum
673 2749 793 2824 spiritus
808 2750 862 2805 hos
876 2750 952 2826 regit
967 2760 1060 2810 artus.

211 2840 272 2900 Pro
286 2862 318 2898 re
333 2862 430 2919 pauca
444 2843 557 2917 loqoar.
601 2843 708 2917 Neque
724 2861 781 2919 ego
795 2843 872 2900 hanc
887 2844 1072 2902 abscondere
1087 2845 1165 2905 furto

213 2937 347 3014 Speravi,
364 2957 401 2993 ne
416 2938 506 3014 finge,
521 2937 621 3013 fugam
637 2956 644 3005 ;
669 2955 724 2993 nec
739 2937 874 3014 conjugis
889 2957 1020 3014 unquam

213 3028 361 3089 Proetendi
376 3030 480 3101 taedas,
497 3041 547 3088 aut
562 3032 626 3088 haec
641 3030 669 3087 in
684 3029 799 3088 soedera
813 3031 890 3089 veni.

213 3123 304 3182 Masi
320 3125 380 3181 sata
393 3125 467 3182 meis
482 3134 654 3201 paterentur
667 3124 778 3182 ducere
793 3125 882 3181 vitam
1138 3129 1199 3185 340

212 3218 373 3294 Auspiciis,
391 3226 420 3273 et
434 3227 537 3293 sponte
552 3216 620 3274 mea
634 3236 811 3293 componere
826 3237 927 3289 curas,

213 3307 324 3365 Urbem
338 3309 500 3383 Trojanam
515 3311 639 3383 primbm
653 3310 814 3385 dulcesque
830 3330 962 3369 meorum

213 3403 371 3479 Reliquias
385 3403 513 3461 colerem
529 3422 536 3471 3
561 3403 672 3461 Priami
687 3413 766 3461 tecta
782 3406 841 3462 alta
856 3412 1009 3463 manerent
1023 3424 1031 3475 ;

213 3496 253 3555 Et
267 3496 399 3554 recidiva
412 3515 501 3553 manu
515 3497 679 3572 posuissem
693 3496 842 3575 Pergama
855 3499 950 3557 victis.

214 3590 272 3648 Sed
286 3609 366 3647 nunc
382 3589 498 3646 ltaliam
512 3609 649 3666 magnam
666 3589 807 3665 Gryneus
821 3592 941 3667 Apollo,
1127 3591 1199 3648 :³45

214 3683 331 3741 ltaliam
344 3681 448 3757 Lyciae
465 3680 585 3757 jussere
600 3702 758 3759 capessere
774 3693 879 3742 sortes.

214 3776 276 3835 Hic
291 3796 383 3847 amor,
400 3776 464 3834 haec
479 3777 574 3852 patria
588 3786 642 3833 est.
685 3777 715 3834 Si
729 3785 758 3834 te
774 3777 970 3854 Carthaginis
985 3796 1070 3836 arces

214 3869 412 3940 Phoenissam,
427 3868 611 3945 Libycaeque
626 3870 784 3947 adspectus
798 3871 909 3928 detinet
924 3871 1006 3928 urbis
1021 3890 1029 3940 ;

214 3963 292 4031 Quae
306 3964 435 4034 tandem,
452 3962 587 4020 Ausoniis
600 3963 736 4021 Teucros
750 3965 905 4021 considere
920 3963 1012 4035 terris,

170 4116 173 4121 ,
196 4056 330 4125 ,Invidia
343 4056 412 4114 est?
453 4056 492 4114 Et
509 4076 563 4113 nos
577 4056 621 4114 fas
636 4066 739 4114 extera
753 4077 887 4132 quaerere
903 4077 1006 4137 regna.
1032 4132 1043 4141 ι
1140 4058 1202 4115 350

213 4150 265 4210 Me
280 4151 372 4228 patris
385 4151 536 4223 Anchisae,
554 4151 670 4227 quoties
684 4151 871 4209 humentibus
889 4140 993 4209 umbri
