2692 5122
174 387 180 397 a

520 809 693 857 AENEIDOS
712 810 782 857 utu.
798 813 826 858 V.

178 951 233 1011 Ille
245 950 275 1009 Ν
277 958 343 1007 otos
357 955 447 1024 atque
461 942 527 1006 atra
540 950 644 1007 volans
658 951 687 1007 in
702 951 803 1008 nubila
816 950 899 1029 sugit.

176 1045 253 1104 Turn
266 1042 399 1122 rapidus,
418 1042 593 1118 jamdudum
607 1063 681 1102 arcu
695 1053 834 1103 contenta
847 1053 951 1122 parato

175 1140 251 1198 Tela
264 1146 382 1208 tenens,
398 1137 683 1214 fratrem'Eurytion
698 1139 727 1195 in
741 1145 809 1197 vota
823 1140 950 1211 vocavit,

175 1231 243 1291 Jem
257 1250 354 1289 vacuo
368 1231 467 1289 laetam
481 1231 560 1288 coelo
574 1231 755 1307 speculatus,
772 1238 803 1288 et
817 1232 873 1289 alis

175 1324 370 1386 Plaudentem
383 1323 472 1402 nigri
485 1324 549 1401 figit
563 1325 618 1383 rub
633 1326 711 1382 nube
726 1326 900 1382 columbam
923 1370 932 1393 2

175 1418 295 1476 Decidit
309 1418 464 1488 exanimis,
481 1418 631 1493 vitamque
645 1418 764 1494 reliquit
779 1419 808 1476 in
823 1419 910 1477 astris

175 1512 333 1583 AEtlreriis,
349 1511 497 1587 finemque
511 1511 602 1569 refert
616 1512 739 1588 delapsa
752 1513 899 1590 sagittam.

174 1602 295 1663 Amissi
309 1605 390 1662 solus
405 1603 503 1682 palmi
517 1606 677 1682 superabat
691 1606 820 1663 Acestes
836 1624 844 1675 ;

174 1693 237 1764 Qui
250 1706 349 1756 tamen
364 1699 463 1756 adrias
477 1699 568 1755 telum
583 1699 734 1756 contendit
748 1699 777 1756 in
792 1717 891 1770 auras,

175 1790 336 1849 Ostentans
351 1800 505 1867 artemque
519 1800 603 1868 peter
617 1811 779 1869 arcumque
794 1801 958 1852 sonantem.

175 1883 237 1943 Hic
251 1886 346 1942 oculis
360 1886 490 1943 subitum
504 1885 642 1961 objicitur
656 1905 823 1963 magnoque
844 1887 974 1944 futurum

175 1979 312 2057 Augurio
324 1986 505 2037 monstrum:
529 1979 628 2037 docuit
649 1979 714 2057 pdst
729 1981 825 2038 exitus
839 1981 946 2058 ingens
963 2000 971 2050 ;

176 2072 309 2148 Seraque
324 2072 446 2130 terrifici
460 2074 633 2131 cecinerunt
647 2074 745 2131 omina
759 2084 852 2133 vates.

175 2165 312 2243 Namque
327 2167 429 2226 volans
443 2168 561 2244 liquidis
581 2169 610 2227 in
625 2169 752 2226 nubibus
766 2170 838 2226 arsit
853 2167 978 2242 arundo,

177 2260 370 2339 signavitque
384 2262 462 2319 viam
478 2262 613 2332 flammis,
629 2270 795 2337 tenuesque
810 2262 934 2320 recessit

177 2353 360 2433 Consumpta
372 2355 401 2412 in
416 2364 540 2413 ventos:
563 2356 641 2413 coelo
654 2374 711 2412 ceu
725 2355 805 2432 saepe
820 2356 915 2413 refixa

176 2447 408 2518 Transcurrunt,
424 2448 597 2523 crinemque
613 2448 741 2505 volantia
754 2448 854 2506 sidere
868 2447 988 2507 ducunt.

175 2542 314 2600 Attonitis
328 2540 443 2600 hoesire
459 2542 573 2612 animis,
591 2542 780 2618 Superosque
795 2543 919 2619 precati,

174 2632 322 2693 Trinacrii
336 2636 509 2711 Teucrique
524 2635 579 2693 viri
595 2653 602 2691 :
625 2654 683 2693 nec
696 2636 841 2694 maximus
855 2655 942 2694 omen

175 2730 284 2787 Abnuit
300 2728 416 2787 AEnees
432 2747 439 2798 ς
464 2729 516 2786 red
533 2729 634 2787 laetum
649 2730 801 2806 amplexus
814 2731 949 2788 Acesten

177 2820 352 2881 Muneribus
367 2824 497 2881 cumulat
512 2823 638 2900 magnis,
656 2842 692 2880 ac
705 2823 778 2881 talia
792 2824 869 2881 latur
884 2843 891 2880 τ

177 2917 274 2987 Sume,
292 2927 377 2993 pater
393 2936 400 2985 3
424 2936 491 2973 nam
504 2925 533 2973 te
548 2917 639 2973 voluit
654 2936 707 2974 rex
721 2936 846 2996 maguus
860 2918 979 2996 Olympi

176 3009 300 3069 Talibus
314 3009 454 3086 auspiciis
467 3019 615 3068 exsortem
629 3011 740 3068 ducere
755 3011 892 3072 honores.

74 3162 78 3175 ,
176 3100 271 3181 Ipsius
285 3103 427 3162 Anchisa
441 3104 568 3181 longaevi
586 3104 642 3162 hoc
656 3125 762 3163 munus
777 3106 911 3178 habebis,

177 3197 305 3258 Cratera
320 3198 493 3273 impressum
508 3198 611 3276 signis,
629 3218 717 3274 quem
730 3200 880 3258 Thracius
895 3199 963 3258 olim

175 3294 313 3352 Anchise,²
327 3294 454 3370 genitori
473 3293 502 3350 in
516 3313 623 3371 magno
637 3313 759 3352 munere
775 3294 900 3353 Cisseus

176 3386 267 3445 Ferre
282 3388 329 3444 sui
343 3387 464 3445 dederet
478 3395 698 3444 monumentum
712 3396 741 3444 et
755 3388 862 3464 pignus
877 3387 995 3445 amoris.

176 3480 222 3538 Sic
236 3480 326 3550 satus,
343 3480 434 3557 cingit
449 3480 588 3537 viridanti
600 3488 735 3556 tempore
748 3479 843 3549 lauro,

175 3569 213 3631 Et
235 3575 360 3650 primurn
377 3582 445 3630 ante
460 3593 563 3630 omnes
578 3573 719 3629 victorem
733 3572 862 3648 appellat
875 3573 1016 3632 Acesten.

175 3667 239 3725 Nec
253 3669 349 3725 bonus
362 3667 509 3743 Eurytion
524 3666 646 3742 praelato
661 3666 762 3723 invidit
776 3664 891 3737 honori,

176 3759 319 3826 Quamvis
333 3761 415 3818 solus
430 3778 514 3816 avem
529 3760 606 3817 coelo
620 3758 728 3835 dejecit
743 3762 780 3818 ab
795 3759 864 3819 elto.

174 3851 329 3911 Proximus
343 3853 508 3931 ingreditur
522 3852 616 3924 donis,
634 3853 684 3929 qui
698 3854 816 3911 vincula
829 3854 906 3931 rupit
920 3873 929 3924 ;

175 3945 344 4018 Extremus,
361 3947 474 4004 volucri
489 3947 539 4022 qui
554 3946 616 4004 finit
630 3948 773 4005 arundine
789 3949 907 4006 malum.

210 4042 251 4099 At
267 4049 351 4118 pater
364 4040 493 4110 AEneas,
510 4040 637 4098 nondum
652 4042 813 4099 certamine
827 4042 927 4112 misso,

176 4132 337 4193 Custodem
352 4134 390 4191 ad
404 4152 471 4191 sese
486 4134 682 4210 comitemque
696 4135 822 4212 impubis
836 4133 894 4193 Iuli

175 4225 322 4304 Epytiden
336 4237 433 4299 vocat,
450 4236 479 4285 et
493 4227 582 4285 fidam
596 4229 640 4286 sic
655 4228 733 4286 satur
747 4229 784 4286 ad
799 4247 902 4286 aurem
917 4248 924 4285 τ

176 4318 258 4379 Vade
273 4340 342 4398 age,
358 4330 387 4378 et
400 4323 543 4393 Ascanio,
560 4322 586 4380 si
602 4322 666 4397 jam
681 4322 794 4399 puerile
810 4330 946 4400 paratum

174 4414 290 4493 agmen
304 4415 393 4471 hebet
407 4434 520 4486 secum,
536 4435 702 4492 cursusque
717 4417 853 4474 instruxit
867 4433 1022 4495 equorum,

175 4504 273 4566 Ducat
290 4526 346 4565 avo
360 4517 482 4579 turmas,
498 4517 527 4567 et
542 4529 609 4568 sese
623 4511 759 4568 ostendat
773 4511 802 4567 in
817 4511 918 4583 armis,

175 4596 242 4674 Dic,
258 4601 308 4660 ait.
351 4599 420 4679 lpse
434 4620 551 4662 omnem
564 4603 654 4682 longo
667 4603 814 4662 decedere
826 4604 907 4663 circo
