2692 5122
176 347 212 403 73
335 388 340 397 ,
460 337 488 384 r.
509 337 868 388 vrao1u11usaon1s
952 308 960 321 “

175 478 216 537 Et
230 477 327 536 rutilis
342 477 442 536 clarus
456 478 609 554 squamis:
632 478 682 536 ille
696 478 833 537 horridus
847 477 923 537 alter

174 571 312 643 Desidia,
330 571 479 647 latamque
494 573 616 630 trahens
630 573 775 650 inglorius
789 573 896 631 alvum.

213 664 254 724 Ut
268 666 346 724 binae
361 684 466 744 regum
480 666 584 737 facies,
602 667 644 723 ita
658 685 784 744 corpora
798 666 902 744 plebis.
1127 661 1166 720 95

176 759 315 835 Namque
331 759 397 818 aliae
412 769 514 838 turpes
527 761 668 829 horrent;
686 779 743 818 ceu
757 760 879 838 pulvere
894 761 932 817 ab
947 758 1007 817 alto

177 855 279 922 Quum
295 853 384 925 venit,
401 862 430 911 et
445 854 527 911 sicco
540 862 652 912 terram
666 853 743 931 spuit
757 873 809 911 ore
824 853 920 911 viator

176 948 287 1007 Aridus
304 967 311 1017 ;
336 948 455 1007 elucent
470 948 546 1019 aliae,
563 956 593 1005 st
607 947 722 1025 fulgore
737 955 907 1018 coruscant,

176 1041 326 1100 Ardentes
341 1060 415 1099 auro
429 1049 459 1098 et
473 1041 593 1119 paribus
606 1041 660 1098 lita
673 1059 800 1118 corpora
814 1040 916 1118 guttis.

177 1135 256 1194 Haec
272 1136 368 1213 potior
382 1134 521 1193 soboles:
544 1135 613 1192 hinc
629 1134 699 1192 coeli
712 1142 844 1210 tempore
860 1142 943 1192 carto
1112 1133 1168 1191 100

176 1231 290 1290 Dulcia
305 1231 394 1289 mella
407 1249 525 1309 premes
538 1249 546 1299 ;
571 1248 627 1287 nec
640 1228 754 1287 tanturn
769 1229 878 1300 dulcia,
896 1227 1038 1305 quantlrm

177 1325 219 1384 Et
232 1325 354 1402 liquida,
373 1332 402 1383 et
417 1324 524 1382 durum
536 1323 652 1381 Bacchi
665 1322 812 1380 domitura
825 1342 973 1400 saporem.
992 1311 998 1324 ⁰

218 1420 258 1477 At
273 1439 362 1496 quum
376 1419 491 1476 incerta
505 1418 616 1489 volant,
632 1417 771 1494 coeloque
786 1417 924 1474 examina
937 1415 1052 1487 ludunt,

180 1513 442 1589 Contemnuntque
457 1511 551 1582 savos,
567 1520 596 1568 et
611 1510 719 1587 srigida
732 1518 813 1567 tecta
827 1510 1008 1585 relinquunt,

180 1606 340 1665 Instabiles
354 1606 467 1663 animos
481 1604 550 1662 ludo
565 1603 735 1682 prohibebis
749 1603 838 1661 inani.
1114 1600 1170 1659 105

181 1700 248 1759 Nec
262 1718 389 1777 maguus
404 1698 561 1776 prohibere
576 1697 679 1755 labor:
702 1705 733 1754 tu
748 1696 871 1773 regibus
885 1695 950 1754 alas

180 1793 273 1869 Eripe
289 1812 296 1850 :
321 1812 378 1850 non
394 1792 450 1850 illis
466 1791 622 1868 quisquam
636 1790 845 1849 cunctantibus
861 1789 952 1849 altum

182 1886 231 1945 Ire
247 1887 312 1958 iter,
329 1895 380 1944 aut
395 1885 501 1943 castris
516 1885 637 1943 audebit
651 1884 762 1942 vellere
777 1883 873 1962 slgna.
911 1880 917 1891 ’

182 1980 311 2039 Invitent
325 1980 442 2038 croceis
455 1978 592 2036 halantes
607 1978 729 2037 floribus
743 1979 820 2035 horti
837 1997 844 2047 ;

181 2073 222 2133 Et
236 2082 336 2131 custos
351 2074 447 2131 surum
462 2081 552 2148 atque
567 2073 676 2142 avium,
692 2090 761 2129 cum
775 2071 854 2129 falce
868 2069 998 2150 saligna,
1099 2069 1172 2128 ’110
1203 2058 1207 2073 '

181 2166 422 2245 Hellespontiaci
436 2174 535 2224 servet
550 2165 643 2223 tutela
655 2165 767 2242 Priapi.
1004 2170 1008 2179 '

183 2260 262 2338 Ipse,
278 2262 412 2338 thymum
426 2260 570 2336 pinosque
585 2259 684 2316 serens
698 2259 735 2315 de
748 2260 896 2317 montibus
910 2257 989 2331 altis,
1076 2244 1080 2249 ’

182 2353 279 2411 Tecta
293 2362 373 2411 serat
388 2352 447 2410 late
463 2353 586 2422 circum,
602 2352 652 2409 cui
665 2352 738 2409 talia
752 2371 832 2410 curoe
848 2372 856 2422 ;

184 2445 253 2523 Ipse
268 2447 369 2504 labore
384 2464 504 2503 manum
519 2444 592 2501 duro
606 2452 683 2501 terat
700 2463 707 2512 ;
731 2444 794 2521 ipse
810 2445 927 2505 feraces
949 2472 955 2480 ·

183 2538 273 2616 Figat
287 2539 376 2596 humo
391 2538 517 2614 plantas,
533 2545 562 2594 et
577 2538 689 2595 amicos
703 2538 811 2615 irriget
820 2539 940 2599 imbre.
1120 2537 1176 2596 115

224 2634 324 2707 Atque
340 2630 489 2707 equidem,
506 2639 637 2688 extremo
652 2630 682 2687 ni
698 2631 761 2706 jam
776 2634 831 2690 sub
846 2633 905 2691 fine
919 2633 1056 2692 laborum

186 2727 261 2785 Vela
274 2727 400 2798 traham,
418 2735 446 2784 et
460 2726 549 2783 terris
563 2726 700 2783 festinem
715 2726 871 2785 advertere
885 2747 1014 2806 proram,

185 2821 326 2880 Forsitan
340 2828 379 2890 et,
397 2819 523 2897 pingues
537 2820 638 2877 hortos
654 2839 720 2896 quae
735 2841 808 2878 cura
828 2822 947 2880 colendi

186 2915 326 2985 Ornaret‚
343 2932 494 2985 canerem,
511 2913 656 2990 biferique
672 2915 784 2973 rosaria
799 2915 911 2985 Paesti;

186 3011 317 3088 Quoque
332 3010 419 3068 modo
433 3010 509 3086 potis
521 3010 687 3087 gauderent
702 3011 806 3069 intuba
820 3012 901 3083 rivis,
1121 3013 1178 3070 120

185 3105 226 3164 Et
240 3105 350 3163 virides
364 3104 431 3182 apio
444 3104 528 3181 ripae,
544 3113 699 3181 tortusque
714 3124 768 3182 per
780 3106 904 3163 herbam

187 3200 349 3261 Cresceret
364 3200 394 3257 in
409 3207 542 3258 ventrem
557 3200 690 3257 cucumis
704 3219 711 3268 ;
736 3220 792 3258 nec
807 3220 876 3259 sera
891 3208 1058 3260 comantem

187 3294 374 3365 Narcissum,
392 3303 443 3351 aut
457 3295 526 3351 flexi
540 3296 701 3353 tacuissem
715 3297 812 3354 vimen
827 3298 958 3368 acanthi,

187 3389 400 3465 Pallentesque
414 3388 553 3460 hederas,
570 3399 599 3447 et
614 3399 746 3447 amantes
763 3391 862 3448 littora
875 3399 996 3468 myrtos.

227 3482 365 3558 Namque
380 3483 435 3539 sub
451 3482 583 3542 OEhaliae
598 3483 717 3541 memini
730 3503 777 3541 me
791 3484 923 3542 turribus
937 3484 1026 3557 arcis,
1123 3485 1180 3544 125

189 3574 261 3643 Qut
274 3576 360 3653 niger
374 3575 524 3633 humectat
538 3577 679 3635 flaventia
692 3577 773 3635 culta
787 3577 938 3650 Galaesus,

189 3670 353 3747 Corycium
367 3670 475 3729 vidisse
491 3690 604 3743 senem,
621 3673 669 3730 cui
684 3691 781 3749 pauca
795 3673 892 3731 relicti

187 3765 305 3842 Jugera
319 3764 397 3822 ruris
411 3774 495 3823 erant
510 3785 517 3834 ;
542 3785 599 3824 nec
613 3765 718 3824 fertilis
732 3766 781 3825 illu
799 3766 949 3842 juvencis,

189 3858 217 3917 N
220 3878 256 3916 ec
271 3858 372 3934 pecori
385 3868 551 3936 opportuna
565 3879 664 3937 seges,
682 3879 738 3919 nec
752 3861 906 3919 commoda
924 3860 1056 3920 Baccho.

189 3950 252 4011 ch
267 3971 368 4009 rarum
381 3960 481 4010 tamen
495 3953 526 4010 in
540 3953 635 4011 dumis
649 3954 726 4024 olus,
743 3955 871 4030 albaque
888 3954 1001 4013 circum
1124 3956 1182 4014 tao

187 4044 278 4117 Lilia,
294 4047 502 4121 verbenasque
517 4064 665 4123 premens,
682 4066 862 4123 vescumque
876 4066 1018 4125 papaver,

188 4139 309 4218 Regum
324 4140 462 4216 aequabat
477 4159 549 4218 opes
564 4140 670 4198 animis
685 4159 693 4211 ;
718 4140 848 4218 serisque
865 4150 1021 4201 revertens
