2692 5122
497 810 670 860 AENEIDOS
689 810 758 858 LlB.
774 810 819 856 lV.

163 950 231 1010 Nox
244 951 340 1028 operit
357 958 465 1021 terras,
482 949 598 1026 quoties
612 958 694 1007 astra
707 948 797 1026 ignea
810 955 946 1026 surgunt,

162 1042 310 1103 Admonet
325 1044 355 1102 iu
369 1044 489 1114 somnis,
506 1051 536 1102 et
549 1042 667 1101 turbida
680 1050 773 1101 terret
786 1043 885 1119 imago
901 1059 908 1097 :

163 1135 218 1196 Me
235 1156 310 1215 puer
324 1136 486 1210 Ascanius,
501 1136 666 1213 capitisque
681 1135 789 1211 injuria
803 1135 876 1205 cari,

163 1228 263 1298 Quom
276 1249 371 1308 reguo
384 1229 542 1306 Hesperiae
558 1229 662 1286 fraudo
675 1237 705 1285 et
723 1228 863 1286 fatalibus
876 1226 964 1284 arvis.
1086 1226 1144 1284 350

162 1321 252 1382 Nunc
266 1323 356 1380 etiam
370 1323 516 1399 interpres
530 1318 639 1391 divium,
654 1321 731 1378 Jove
745 1322 851 1379 missus
866 1322 903 1377 ab
918 1320 992 1397 ipso,

164 1414 289 1493 (Testor
302 1422 459 1491 utrumque
474 1416 577 1492 caput)
593 1414 708 1472 celeres
726 1415 865 1471 mandata
879 1432 932 1491 per
946 1431 1034 1471 auras

162 1508 279 1566 Detulit
294 1526 301 1564 :
324 1508 387 1585 ipse
402 1508 489 1565 deum
503 1508 659 1565 manifesto
673 1508 702 1564 in
717 1507 825 1564 lumina
841 1507 899 1564 vidi

162 1600 326 1660 intrantem
340 1620 451 1672 muros,
468 1619 631 1676 vocemque
646 1600 690 1657 his
705 1601 827 1658 auribus
841 1600 935 1658 hausi.
1029 1676 1033 1683 1

161 1693 277 1753 Desine
290 1712 396 1770 meque
409 1694 469 1752 tuis
483 1694 641 1751 incendere
656 1702 745 1769 teque
760 1693 909 1769 querelis:
1086 1692 1145 1751 360

162 1784 280 1845 Italiam
293 1805 352 1845 non
366 1795 470 1864 sponte
487 1805 604 1863 sequor.

200 1881 290 1940 Talia
306 1882 453 1940 dicentem
470 1882 642 1957 jamdudum
657 1901 762 1939 aversa
775 1890 886 1952 tuetur,

161 1973 235 2033 Huc
254 1975 325 2033 illuc
339 1975 460 2032 volvens
474 1974 587 2045 oculos,
604 1982 757 2050 totumque
774 1981 907 2052 pererrat

161 2067 337 2127 Luminibus
350 2068 457 2139 tacitis,
473 2075 504 2126 et
517 2068 560 2125 sic
576 2086 704 2125 accensa
723 2069 873 2145 profatur:
960 2062 963 2066 ’

162 2159 229 2221 Nec
242 2160 295 2218 tibi
309 2160 377 2217 diva
392 2179 510 2237 parens,
526 2160 645 2238 generis
660 2180 715 2217 nec
729 2161 892 2218 Dardanus
906 2166 1021 2232 auctor,
1084 2159 1143 2217 365

160 2250 280 2313 Perfide
295 2272 303 2322 3
326 2252 378 2310 sed
393 2253 474 2311 duris
488 2254 589 2331 genuit
604 2261 632 2310 te
647 2253 785 2310 cautibus
799 2253 924 2310 horrens

162 2344 331 2418 Caucasus,
347 2345 561 2422 Hyrcanaeque
577 2344 729 2402 admdrunt
745 2347 838 2402 ubera
851 2345 954 2422 tigres.

164 2436 328 2515 Numquid
342 2438 493 2495 dissimulo
508 2438 518 2492 l
541 2447 590 2495 aut
605 2457 672 2513 quae
687 2456 733 2494 me
748 2438 785 2494 ad
800 2437 913 2512 majora
926 2435 1073 2495 reservo?

162 2531 243 2591 Num
257 2531 327 2589 fletu
341 2531 484 2608 ingemuit
498 2539 598 2601 nostro
613 2531 623 2585 ἓ
645 2549 714 2586 uum
728 2530 838 2587 lumina
851 2529 931 2586 flexit
948 2529 959 2585 ?

162 2624 191 2683 N
193 2644 242 2683 um
255 2626 403 2702 lacrymas
412 2617 509 2681 victus
517 2623 614 2681 dedit?
624 2631 675 2680 aut
686 2623 843 2680 miseratus
851 2630 998 2680 amantem
1006 2621 1070 2681 est?
1084 2624 1143 2680 370

161 2717 240 2784 Quae
255 2719 362 2794 quibus
376 2717 539 2774 anteferam
555 2716 566 2771 ?
582 2717 645 2792 jam
661 2716 723 2791 jam
738 2735 794 2774 uec
809 2715 935 2773 maxima
947 2716 1038 2790 Juuo,

161 2810 191 2869 N
193 2829 228 2867 ec
243 2810 399 2868 Saturnius
413 2810 477 2867 haec
491 2810 586 2867 oculis
601 2818 685 2887 pater
699 2810 822 2887 adspicit
840 2809 943 2884 aequis.

164 2902 320 2979 Nusquam
333 2912 398 2961 tuta
412 2903 495 2961 fides.
538 2903 675 2978 Ejectum
690 2904 797 2975 littore,
814 2910 962 2981 egentem,

161 2993 286 3072 Excepi,
304 3004 332 3052 et
346 2996 430 3072 regni
444 2995 565 3052 demens
580 2995 608 3052 in
623 3004 707 3072 parte
721 2996 817 3053 locavi
833 3014 840 3051 ε

161 3089 310 3148 Amissum
323 3090 460 3161 classem,
476 3091 572 3148 socios
586 3110 604 3148 a
617 3100 711 3149 morte
725 3091 837 3150 reduxi.
1082 3091 1141 3149 375

161 3181 233 3240 Heu
248 3186 254 3240 !
289 3183 390 3240 Furiis
403 3183 526 3241 incensa
540 3184 619 3241 seror
634 3187 640 3241 !
677 3185 765 3243 Nunc
780 3204 878 3262 augur
890 3184 1008 3261 Apollo,

160 3275 190 3334 N
192 3294 251 3333 uuc
264 3274 367 3352 Lyciae
386 3285 492 3347 sortes,
508 3296 586 3334 nuuc
600 3286 630 3334 et
643 3278 719 3335 Jove
734 3278 840 3335 missus
855 3278 971 3354 abipso

161 3367 313 3445 interpres
327 3368 426 3427 divium
441 3369 496 3426 fert
510 3369 629 3426 horrida
646 3369 731 3444 jussa
751 3389 804 3445 per
817 3388 915 3426 auras.

161 3461 283 3518 Scilicet
300 3462 325 3518 is
340 3462 461 3539 Superis
475 3463 559 3519 labor
573 3471 618 3519 est
633 3481 641 3530 ;
665 3481 702 3518 ea
716 3480 789 3518 cura
803 3462 919 3537 quietos

160 3553 314 3612 Sollicitat.
356 3555 464 3631 Neque
479 3563 508 3611 te
524 3562 623 3625 teneo,
639 3574 736 3630 neque
751 3555 830 3611 dicta
844 3553 967 3625 refellor·
1083 3556 1142 3612 380

159 3646 186 3717 I,
203 3666 329 3723 sequere
344 3647 462 3705 Italiam
476 3649 572 3705 ventis
589 3667 596 3717 ;
621 3647 686 3725 pete
704 3667 795 3726 regna
812 3667 865 3725 per
878 3647 982 3706 undas.

159 3740 255 3818 Spero
269 3740 407 3816 equidem
421 3741 534 3811 mediis,
551 3742 576 3798 si
591 3742 659 3817 quid
675 3741 722 3818 pia
737 3742 857 3799 numina
871 3749 1001 3818 possunt,

160 3833 313 3910 Supplicia
329 3833 491 3891 hausurum
504 3835 644 3911 scopulis,
661 3843 689 3892 et
704 3834 821 3893 nomine
835 3834 915 3892 Dido

159 3926 247 4004 Saepd
261 3935 444 3986 vocaturum.
488 3930 604 4004 Sequar
619 3929 691 3986 atris
705 3929 823 4007 ignibus
838 3930 967 3997 absens;

157 4020 210 4092 Et,
227 4040 317 4097 quum
335 4022 443 4098 frigida
456 4041 534 4079 mors
548 4021 648 4081 animi
665 4023 821 4080 seduxerit
830 4032 922 4094 artus,
1082 4023 1141 4081 385

157 4113 304 4173 Omnibus
322 4117 427 4172 umbra
439 4115 513 4172 locis
527 4115 627 4175 adero.
668 4115 775 4186 Dabis,
793 4116 934 4192 improbe,
951 4135 1055 4193 poeuas
1069 4135 1076 4185 3

156 4206 287 4265 Audiam
304 4226 312 4276 ;
336 4217 365 4265 et
379 4207 443 4266 haec
457 4207 565 4266 Manes
580 4208 677 4267 veniet
691 4209 762 4266 mihi
776 4208 855 4266 sama
869 4211 923 4266 sub
938 4210 1021 4270 imos.

198 4298 258 4357 His
272 4301 401 4359 medium
414 4300 500 4359 dictis
515 4320 681 4359 sermonem
696 4302 853 4378 abrumpit,
869 4311 897 4361 et
913 4321 1004 4360 auras

84 4416 87 4427 ·
154 4392 260 4471 AEgra
275 4393 361 4472 sugit,
377 4414 470 4471 seque
485 4414 522 4452 ex
536 4394 631 4454 oculis
645 4397 751 4454 avertit
765 4405 794 4454 et
809 4397 915 4468 aufert,

153 4484 312 4565 Linquens
325 4487 418 4546 multa
432 4496 511 4546 metu
526 4497 716 4548 cunctantem
729 4498 758 4548 et
773 4490 864 4548 multa
879 4497 1032 4566 parantem
1080 4488 1143 4547 390

476 4601 512 4655 14
