2692 5122
517 802 691 852 AENEIDOS
710 803 780 852 LIB.
793 803 825 852 Χ.

174 938 363 1011 Crediderat,
380 941 517 1016 coeloque
531 942 660 1000 animum
674 943 800 1002 sortasse
814 943 941 1014 serebat,

174 1033 384 1110 canitiemque
398 1034 455 1093 sibi
468 1043 497 1092 et
510 1036 618 1111 longos
630 1037 804 1112 promiserat
818 1056 921 1095 annos.

173 1127 337 1203 Tarquitus
352 1128 503 1186 exsultans
517 1129 623 1186 contre
636 1128 818 1207 fulgentibus
833 1129 933 1200 mmis,
1099 1130 1157 1188 550

175 1223 322 1282 Silvicoloe
337 1223 443 1281 Fauno
456 1223 579 1300 Dryope
595 1243 683 1300 quem
696 1224 836 1302 Nympha
848 1222 978 1296 credi-at,

175 1315 288 1376 Obvius
304 1316 418 1374 ardenti
432 1335 499 1375 sese
514 1317 636 1375 obtulit:
658 1318 708 1375 ille
727 1316 853 1376 reducta

102 1458 106 1476 .
174 1408 315 1469 Loricam
329 1410 486 1486 clypeique
500 1410 607 1488 ingens
620 1430 695 1468 onus
710 1410 828 1488 impedit
841 1413 935 1471 hasti.

175 1502 253 1562 'l'um
266 1511 355 1580 caput
369 1503 481 1560 orantis
495 1503 705 1580 nequidquam,
721 1512 751 1562 et
765 1505 857 1563 multa
871 1503 1003 1583 parantis

177 1597 299 1670 Dicere,
315 1598 453 1656 deturbat
468 1606 555 1656 terrae
570 1619 578 1668 3
601 1607 797 1676 truncumque
812 1609 963 1678 tepentem
1101 1600 1159 1658 555

177 1689 369 1761 Provolvens,
386 1710 476 1767 super
489 1691 555 1749 brec
568 1691 687 1750 inimico
701 1702 822 1769 pectore
836 1693 915 1751 fatur
929 1710 937 1749 t

177 1784 250 1844 Istic
263 1804 353 1856 nunc,
370 1784 538 1855 metuende,
550 1784 619 1860 jace
633 1788 640 1842 1
661 1805 720 1843 non
733 1795 764 1844 te
778 1787 887 1862 optima
900 1793 996 1844 mater

178 1876 295 1937 Coudet
308 1878 400 1949 humi,
416 1878 548 1955 patrisve
562 1880 698 1937 onerabit
712 1881 844 1937 membra
858 1880 996 1957 sepulcro
1011 1897 1019 1937 t

177 1972 308 2032 Alitibus
321 1969 457 2045 linquere
472 1973 564 2041 seris;
588 1982 639 2031 aut
653 1974 771 2051 gurgite
786 1992 915 2031 mersum

176 2064 264 2126 Unda
277 2066 363 2137 seret,
379 2066 536 2143 piscesque
550 2067 667 2143 impasti
680 2067 805 2125 vulnera
819 2068 957 2126 lambent.
1103 2067 1162 2124 560

176 2161 325 2220 Protenus
339 2160 479 2220 Antaeum
493 2170 522 2219 et
536 2161 663 2233 Lucam,
680 2163 775 2239 prima
788 2163 908 2240 agmina
921 2162 1029 2234 Turni,

177 2254 383 2331 Persequitur,
398 2255 563 2331 sortemque
578 2256 718 2326 Numam,
735 2257 907 2331 fulvumque
922 2254 1105 2328 Camertem,

177 2347 370 2426 Magnanimo
384 2348 547 2405 Volscente
562 2357 669 2418 satum,
684 2348 845 2406 ditissimus
860 2348 925 2424 agri

179 2439 240 2508 Qui
253 2441 307 2499 t'uit
321 2438 516 2510 Ausonidum,
533 2449 562 2498 et
575 2441 675 2498 tacitis
688 2441 825 2517 regnavit
839 2441 982 2516 Amyclis.

179 2528 308 2612 AEgaeon
324 2534 431 2610 qualis,
448 2541 567 2591 centum
581 2533 630 2591 cui
643 2533 768 2591 brachia
781 2533 892 2603 dicunt,
1104 2533 1163 2590 505

180 2625 392 2703 centenasque
408 2647 524 2697 manus,
542 2627 758 2705 quinquaginta
772 2627 872 2684 oribus
886 2627 985 2703 ignem
1149 2619 1153 2626 ’

179 2719 414 2797 Pectoribusque
429 2721 550 2790 arsisse,
564 2720 649 2778 Jovis
667 2740 757 2796 quum
771 2721 894 2778 fulmina
908 2728 1013 2778 contra

180 2812 236 2871 Tot
254 2815 373 2890 paribus
387 2822 532 2890 streperet
546 2814 670 2890 clypeis,
686 2822 728 2871 tot
742 2814 901 2890 stringeret
915 2832 1004 2872 enses
1018 2831 1026 2871 ε

181 2906 229 2964 Sic
242 2915 305 2964 toto
319 2907 439 2964 AEnsas
453 2906 573 2964 desaevit
589 2907 618 2964 in
633 2926 753 2982 aequore
768 2907 873 2978 victor,

180 2999 218 3059 Ut
232 3001 325 3057 semel
341 3001 464 3076 intepuit
477 3020 589 3059 mucro.
633 3000 715 3066 Quin
729 3019 802 3059 ecce
816 2999 936 3077 Niphaei
1104 2999 1163 3057 570

181 3093 384 3172 Quadrijuges
398 3095 427 3152 in
442 3114 535 3170 equos
550 3095 737 3170 adversaque
753 3103 875 3172 pectora
888 3093 1003 3152 tendit:

180 3190 278 3264 Atque
294 3188 345 3258 illi,
361 3188 448 3265 longe
463 3189 646 3265 gradientem
661 3195 690 3245 et
704 3188 769 3245 dira
783 3187 956 3246 frementem

180 3280 218 3338 Ut
232 3279 346 3351 vidire,
363 3289 442 3339 metu
456 3281 546 3352 versi,
562 3290 701 3357 retroque
716 3293 847 3351 ruentes,

180 3373 403 3450 Effunduntque
418 3374 535 3443 ducem,
551 3373 729 3450 rapiuntque
744 3374 781 3430 ad
796 3374 894 3429 littora
908 3390 1023 3429 currus.

218 3468 339 3526 Interea
353 3467 462 3543 bijugis
476 3467 562 3524 insert
576 3485 609 3523 se
624 3466 768 3542 Lucagus
783 3465 857 3521 albis
1105 3462 1163 3520 575

181 3559 215 3619 ln
230 3561 352 3632 medios,
370 3561 521 3634 fraterque
536 3559 650 3635 Liger:
674 3559 726 3615 sed
740 3559 833 3615 frater
846 3554 972 3613 habenis

181 3652 289 3712 Flectit
302 3673 395 3729 equos
410 3672 418 3721 ;
442 3652 576 3709 strictum
591 3660 666 3708 rotat
681 3670 752 3708 acer
764 3651 909 3727 Lucagus
922 3666 1033 3708 ensem.

98 3810 102 3817 ‚
180 3746 273 3804 Haud
287 3747 353 3804 tulit
367 3746 485 3803 AEneas
499 3752 580 3802 tanto
595 3744 711 3801 fervore
726 3744 877 3801 furentes:
1067 3731 1075 3741 ’

181 3837 281 3910 Irruit,
299 3835 606 3915 adversiqueingens
620 3837 757 3915 apparuit
770 3836 864 3896 hasti.

181 3931 240 3992 Cui
254 3933 368 4010 Liger:
1105 3929 1165 3987 500

180 4025 249 4084 Non
263 4025 417 4082 Diomedis
432 4045 536 4102 equos,
552 4045 609 4084 nec
622 4045 729 4084 currus
743 4024 842 4083 cernis
856 4022 977 4093 Achilli,

180 4120 240 4177 Aut
255 4119 394 4196 Phrygiae
410 4138 551 4196 campos:
573 4138 652 4177 nunc
667 4119 737 4176 belli
751 4118 818 4175 finis
831 4124 861 4174 et
876 4115 933 4175 aevi

180 4212 240 4270 His
254 4213 372 4269 dabitur
385 4213 483 4270 terris.
525 4212 647 4270 Vesano
660 4213 732 4270 talia
746 4210 805 4268 late

179 4304 273 4365 Dicta
287 4306 386 4363 volant
400 4306 503 4384 Ligeri
518 4324 525 4362 ε
549 4305 601 4362 sed
615 4326 675 4363 non
689 4313 718 4362 et
732 4304 845 4362 Troius
858 4304 947 4361 heros

180 4397 272 4457 Dicta
288 4407 372 4476 parat
386 4400 491 4456 contrd
504 4418 512 4467 ;
531 4398 665 4474 jaculum
679 4418 747 4455 nam
760 4405 877 4473 torquet
897 4396 927 4454 in
941 4395 1065 4454 bostem.
1105 4393 1164 4452 505

180 4490 325 4569 Lucagus
340 4501 370 4550 ut
385 4511 494 4569 pronus
509 4492 641 4568 pendens
655 4492 684 4548 iu
699 4492 826 4548 verbera
839 4490 899 4547 telo

181 4585 342 4644 Admonuit
355 4587 473 4662 bijugos
486 4604 495 4654 ς
512 4584 644 4663 projecto
660 4585 729 4642 dum
743 4583 818 4661 pede
832 4583 908 4643 laevo
