2692 5122
526 788 700 850 assinos
724 802 795 849 ara.
809 803 856 851 xi.
1122 808 1182 867 ³1³

190 939 264 1003 Fert
279 940 389 1017 aquila,
407 940 608 1018 implicuitque
623 943 724 1019 pedes,
740 950 831 1020 atque
846 942 996 1019 unguibus
1009 941 1118 1013 haesit3

190 1035 320 1095 Saucius
335 1042 364 1092 at
378 1053 502 1112 serpens
516 1036 639 1093 sinuosa
652 1036 801 1093 volumina
816 1045 927 1108 versat,

189 1129 385 1205 Arrectisque
400 1129 501 1187 horret
515 1130 657 1206 squamis,
674 1136 703 1186 et
718 1130 815 1187 sibilat
829 1149 892 1201 ore,

189 1222 311 1284 Arduus
326 1223 484 1301 insurgens
498 1243 506 1293 3
531 1223 582 1281 illa
597 1223 676 1280 haud
691 1224 787 1282 minus
801 1232 888 1302 urget
902 1225 1019 1283 obunco
1121 1226 1179 1284 755

189 1315 368 1376 Luctantem
382 1324 478 1375 rostro
494 1335 501 1386 3
526 1316 613 1374 simul
628 1317 741 1374 aethera
755 1319 893 1375 verberat
909 1318 985 1375 alis:

188 1410 281 1470 Haud
296 1411 382 1469 aliter
396 1411 527 1488 proedam
540 1411 699 1470 Tiburtum
715 1431 751 1470 ex
767 1412 884 1490 agmine
898 1413 1021 1471 Tarcho

188 1504 292 1564 Portet
305 1524 407 1563 ovans.
450 1504 547 1563 Ducis
561 1507 729 1583 exemplum
742 1514 940 1582 eventumque
955 1504 1052 1564 secuti

188 1597 346 1658 Maeonidae
360 1599 525 1657 incurrunt.
567 1599 645 1657 Tum
663 1599 730 1657 satis
744 1599 861 1657 debitus
876 1602 992 1658 Arruns

188 1690 332 1750 Velocem
348 1693 451 1768 jaculo
466 1701 495 1750 ct
509 1691 603 1750 moltd
618 1694 698 1770 prior
711 1702 776 1751 arte
791 1692 951 1753 Camillam
1120 1694 1178 1752 760

188 1783 315 1858 Circuit,
332 1793 361 1843 et
376 1806 443 1862 quoe
458 1786 495 1844 sit
511 1786 628 1845 sortuna
642 1786 782 1844 facillima
796 1794 900 1844 tentat.

187 1877 258 1952 Qua
271 1899 304 1938 se
319 1899 446 1956 cumque
461 1880 564 1938 furens
579 1880 676 1938 medio
690 1880 757 1937 tulit
773 1881 891 1958 agmine
906 1881 1001 1958 virgo,
1085 1912 1092 1939 l

185 1971 258 2032 Hac
272 1972 391 2033 Arruns
406 1974 494 2045 subit,
512 1982 541 2031 et
555 1975 665 2032 tacitus
681 1974 806 2051 vestigia
820 1974 925 2032 lustret
939 1992 945 2030 ε

186 2065 257 2134 Qut
271 2068 376 2125 victrix
390 2068 466 2126 redit
481 2068 542 2139 ille,
559 2069 723 2145 pedemque
738 2087 775 2127 ex
789 2070 874 2126 hoste
891 2075 1034 2145 reportet,

184 2157 256 2219 nte
273 2159 393 2236 juvenis
407 2160 506 2219 furtim
520 2162 636 2219 celeres
650 2162 807 2238 detorquet
821 2161 964 2221 habenas.
1115 2163 1174 2221 765

183 2251 252 2311 Hos
268 2254 376 2325 aditus,
388 2255 510 2330 jamque
525 2254 579 2312 hos
594 2254 701 2325 aditus,
718 2273 895 2331 omnemque
910 2261 1045 2332 pererret

183 2343 322 2423 Undique
337 2348 504 2418 circuitum,
522 2357 551 2405 et
566 2356 679 2405 certam
694 2348 786 2423 quatit
802 2348 952 2424 improbus
966 2347 1093 2407 hastam.

221 2441 314 2499 Forte
329 2461 417 2499 sacer
432 2441 557 2518 Cybelae
573 2441 734 2511 Chloreus,
751 2441 880 2516 olimque
894 2441 1048 2513 sacerdos,

183 2532 313 2612 Insignis
327 2534 416 2612 longe
431 2534 572 2611 Phrygiis
586 2533 719 2611 fulgebat
734 2534 762 2590 in
781 2533 870 2590 armis
887 2552 894 2602 ;

183 2627 434 2706 Spumantemque
451 2628 582 2706 agitabat
598 2646 717 2703 equum,
735 2646 823 2703 quem
837 2626 922 2703 pellis
936 2627 1041 2686 ahenis
1114 2629 1173 2687 770

182 2719 217 2779 In
232 2722 360 2798 plumam
374 2722 506 2797 squamis
521 2740 594 2778 auro
609 2729 748 2778 conserta
761 2721 893 2798 tegebat.

182 2812 262 2892 lpse,
279 2813 441 2892 peregrina
455 2814 606 2891 ferrugine
620 2814 720 2871 clarus
735 2821 764 2870 et
778 2821 870 2884 ostro,

182 2908 303 2986 Spicula
318 2910 476 2984 torquebat
490 2907 585 2984 Lycio
600 2907 749 2983 Gortynia
762 2927 854 2965 cornu
870 2926 877 2976 ;

181 3002 301 3060 Aureus
315 3020 352 3059 ex
367 3002 497 3059 humeris
511 3009 597 3058 sonet
612 3020 711 3071 arcus,
727 3009 757 3058 et
772 3020 865 3059 aurea
879 3002 940 3059 vati

182 3093 331 3163 Cassida3
356 3104 416 3152 tum
433 3113 570 3152 croceam
585 3094 831 3170 chlamydemque
846 3095 989 3172 sinusque
1011 3103 1168 3174 crepantes

181 3187 354 3248 Carbaseos
370 3188 447 3245 solvo
463 3188 491 3245 in
507 3188 614 3245 nodum
630 3189 793 3265 collegerat
808 3208 892 3260 auro,
1111 3193 1168 3246 776

180 3279 284 3339 Pictus
299 3300 355 3338 acu
370 3281 497 3350 tunicas,
514 3288 543 3337 et
558 3282 686 3338 barbara
701 3281 833 3358 tegmina
847 3300 978 3341 crurum.
1162 3276 1169 3299 ⁴

180 3372 271 3433 Hunc
287 3376 381 3453 virgo,
399 3376 461 3432 sive
477 3383 507 3432 ut
521 3375 638 3451 templis
653 3375 822 3452 praefigeret
836 3395 920 3433 arma

181 3464 283 3539 Troia,
300 3470 417 3546 captivo
432 3469 495 3525 sive
511 3476 541 3525 ut
556 3487 589 3524 so
604 3469 694 3526 ferret
709 3468 738 3525 in
754 3487 827 3525 auro
864 3481 875 3505 ¹

179 3559 335 3633 Venatrix,
351 3581 442 3620 unum
457 3581 493 3619 ex
507 3561 586 3618 omni
600 3561 762 3618 certamine
777 3581 885 3640 pugnae
1110 3567 1169 3624 780

180 3652 273 3714 Caeca
286 3658 469 3731 sequebatur
483 3674 490 3723 ;
514 3662 668 3729 totumque
682 3654 803 3711 incauta
819 3673 871 3731 per
886 3673 993 3733 agmen
1075 3678 1079 3685 ’

179 3743 333 3807 l'oemineo
349 3749 457 3826 proedae
472 3756 501 3805 et
517 3747 677 3824 spoliorum
691 3747 814 3805 ardebat
830 3767 940 3808 amore.

180 3838 285 3900 Telum
300 3862 337 3899 ex
352 3842 465 3900 insidiis
481 3862 571 3918 quum
585 3842 703 3898 tandem
717 3849 849 3918 tempore
864 3850 950 3921 capto

179 3933 328 4006 Concitet,
346 3944 375 3992 et
391 3938 521 4012 Superos
535 3933 652 3992 Arruns
668 3935 711 3992 sic
726 3954 800 3992 voce
816 3944 976 4012 precatur:

179 4028 296 4087 Summe
311 4027 408 4099 desim,
425 4029 521 4087 sancti
536 4036 637 4086 custos
653 4029 786 4085 Soractis
801 4030 918 4105 Apollo,
1107 4032 1165 4093 785

178 4120 274 4189 Quem
290 4123 373 4200 primi
388 4124 522 4191 colimus,
539 4123 588 4180 cui
603 4122 707 4199 pineus
722 4123 811 4180 ardor
825 4141 935 4182 acervo

176 4213 323 4286 Pascitur,
340 4224 370 4272 et
385 4216 510 4274 medium
526 4216 593 4274 sreti
608 4216 717 4292 pictate
733 4216 900 4294 perignem

177 4308 315 4369 cultores
331 4310 423 4367 multa
437 4312 595 4387 premimus
611 4309 737 4386 vestigio
751 4309 847 4387 promi
862 4329 869 4380 ;

175 4399 232 4474 Da,
248 4404 351 4474 Pater,
368 4403 424 4460 hoc
439 4405 547 4461 nostris
562 4402 676 4460 aboleri
691 4402 821 4462 dedecus
836 4403 935 4477 armis,

175 4495 375 4575 Omnipotens.
419 4497 637 4567 Nonexuvias,
656 4497 945 4575 pulsaevetropaeum
1102 4501 1161 4557 790

174 4585 315 4670 Virginis,
334 4598 383 4648 aut
397 4589 491 4667 spolia
505 4590 566 4648 ulla
581 4598 657 4668 peto.
699 4589 776 4647 Mihi
790 4598 902 4648 coetera
914 4590 1033 4650 laudem

525 4687 564 4742 27
917 4701 961 4744 rm
