2692 5122
705 383 710 390 ι

702 392 705 401 v

479 784 700 834 ssosnlcort
719 787 788 835 uls.
803 789 856 836 111.

175 923 204 984 N
206 943 241 982 ec
254 922 352 981 minhs
365 921 482 981 interea
499 925 610 983 barbas
623 925 790 1003 incanaque
804 936 905 987 mente

176 1017 316 1095 Cinyphii
329 1016 453 1075 tondent
466 1018 552 1090 hirci,
570 1027 711 1096 setasque
726 1029 889 1093 comantes,

176 1110 268 1169 Usum
281 1111 312 1169 in
326 1119 504 1182 castrorum,
520 1120 550 1170 et
564 1113 680 1171 miseris
695 1113 841 1172 velamina
853 1114 962 1175 nautis.

175 1204 344 1265 Pascuntur
357 1203 429 1262 verb
444 1205 547 1276 silvas,
564 1213 593 1264 et
607 1225 722 1264 summa
740 1206 856 1283 Lycaei,

175 1297 403 1374 Horrentesque
417 1300 518 1370 rubos,
535 1307 564 1357 et
578 1308 713 1358 amantes
727 1300 820 1358 ardua
834 1300 936 1360 dumos
952 1320 961 1371 3

175 1393 273 1468 Atque
287 1392 360 1469 ipsae
374 1411 521 1450 memores
535 1391 661 1450 redeunt
680 1392 711 1450 in
725 1401 817 1464 tecta,
833 1412 963 1471 suosque

174 1484 308 1557 Ducunt,
324 1493 354 1543 et
368 1485 493 1563 gravido
507 1493 649 1563 superant
663 1486 713 1544 vix
727 1488 819 1544 ubere
833 1486 932 1547 Ιίωειι.

175 1577 257 1655 Ergo
271 1578 351 1636 omni
365 1578 463 1637 studio
476 1578 606 1656 glaciem
619 1587 783 1655 ventosque
797 1579 923 1652 nivales,

176 1671 243 1739 aare
258 1672 413 1730 minorent
427 1672 485 1729 illis
499 1691 580 1730 curae
594 1672 727 1730 mortalis
741 1681 873 1750 egestae,

175 1766 302 1824 Avertee
315 1783 324 1834 ;
347 1765 518 1841 victumque
533 1764 612 1823 seres
626 1772 656 1823 et
669 1766 774 1843 virgea
786 1766 874 1824 laetus

175 1856 300 1930 Pabula,
317 1878 375 1917 nec
388 1857 453 1917 tota
466 1859 589 1917 claudes
603 1860 716 1918 foenilia
729 1858 845 1919 brumi.

175 1952 214 2010 At
229 1951 311 2023 verd,
327 1952 476 2030 Zephyris
491 1972 580 2028 quum
593 1952 663 2012 laeta
677 1953 853 2011 vocantibus
867 1963 957 2012 astas

149 2102 153 2108 .
175 2043 209 2103 In
221 2046 318 2104 saltus
332 2054 488 2122 utrumque
502 2064 627 2124 gregem
641 2053 731 2121 atque
745 2046 775 2103 in
790 2065 905 2122 pascua
917 2045 1022 2118 mittet,

174 2136 307 2196 Luciferi
321 2140 415 2216 primo
429 2158 497 2196 cum
510 2139 608 2196 sidere
623 2138 731 2216 frigida
744 2157 816 2197 rura
992 2197 998 2213 ,

175 2229 354 2309 Carpamus,
371 2233 440 2290 dum
453 2251 539 2291 mane
553 2251 673 2302 novum,
689 2231 759 2289 dum
776 2232 914 2310 gramina
927 2238 1046 2303 canent,

174 2323 214 2382 Et
227 2345 277 2383 ros
291 2325 322 2384 in
335 2324 441 2384 teneri
455 2325 556 2403 pecori
569 2325 756 2403 gratissimus
769 2324 873 2383 berbii.

175 2418 258 2490 Inde,
275 2419 326 2476 ubi
341 2427 447 2494 quarta
460 2418 537 2475 sitim
550 2417 621 2475 coeli
634 2417 791 2494 collegerit
804 2418 889 2489 hora,

174 2512 214 2571 Et
227 2520 318 2571 cantu
333 2512 466 2588 querula
482 2517 618 2586 rumpent
636 2511 760 2567 arbusta
773 2509 897 2580 cicadae,

174 2606 221 2666 Ad
235 2615 340 2683 puteos
354 2614 405 2662 aut
420 2605 480 2662 alta
494 2622 605 2681 greges
619 2602 656 2660 ad
671 2610 780 2680 stagna
796 2602 901 2678 jubeto

176 2699 356 2759 currentem
368 2697 468 2776 ilignis
483 2706 587 2775 potare
601 2696 757 2753 canalibus
772 2696 881 2754 undam
897 2714 904 2752 :

174 2794 315 2852 AEstibus
329 2802 359 2852 at
373 2793 477 2850 mediis
492 2793 661 2849 umbrosam
675 2792 833 2868 exquirere
847 2792 966 2865 vallem,

176 2891 277 2948 Sicubi
291 2908 402 2967 magna
415 2889 435 2946 J
437 2888 500 2946 ovis
514 2888 637 2963 antiquo
651 2888 758 2945 robore
774 2907 903 2964 quercus

175 2983 318 3061 Ingentes
331 2983 433 3040 tendat
446 3001 554 3053 ramos,
572 2990 622 3039 aut
637 2981 734 3040 sicubi
746 2981 866 3059 nigrum

175 3075 297 3134 Ilicibus
312 3076 426 3134 crebris
439 3077 526 3133 sacri
541 3095 645 3133 nemus
659 3076 786 3132 accubet
800 3073 906 3133 umbri
920 3093 927 3132 :

174 3170 253 3229 Tum
266 3179 373 3228 tenues
387 3169 459 3226 dare
473 3189 576 3227 rursus
591 3189 696 3246 aquas,
712 3178 742 3226 et
752 3188 880 3246 pascere
894 3189 1010 3242 rursus,

176 3263 252 3320 Solis
267 3262 304 3320 ad
319 3281 470 3333 occasum,
488 3281 576 3338 quum
591 3263 716 3340 frigidus
730 3266 805 3320 aera
819 3282 926 3339 vesper

175 3355 348 3433 Temperat,
365 3365 394 3413 et
408 3356 501 3413 saltus
515 3357 610 3413 reficit
627 3356 691 3431 jam
708 3355 826 3413 roscida
840 3356 921 3425 luna,

176 3448 351 3525 Litteraque
366 3448 523 3525 alcyonem
542 3457 693 3520 resonant,
710 3446 899 3506 acalanthida
912 3446 1003 3505 dumi.

215 3542 296 3609 Quid
310 3542 363 3599 tibi
379 3549 515 3619 pastores
527 3540 645 3616 Libyae,
662 3542 730 3617 quid
750 3559 862 3617 pascua
876 3558 965 3598 versu

177 3635 357 3711 Prosequar,
377 3644 406 3692 et
421 3634 499 3691 raris
513 3634 646 3691 habitata
660 3635 787 3711 mapalia
805 3632 918 3691 tectis?

178 3723 262 3806 Saepd
278 3729 357 3786 diem
370 3739 557 3802 noctemque,
574 3736 604 3784 et
617 3735 710 3784 totum
724 3746 761 3784 ex
774 3727 877 3784 ordine
891 3744 1034 3798 mensem,

176 3821 316 3881 Pascitur
330 3822 411 3899 itque
426 3840 518 3899 pecus
539 3821 629 3898 longa
644 3821 673 3878 in
687 3820 807 3877 deserta
819 3821 884 3878 sine
898 3819 966 3877 ullis

178 3915 347 3992 Hospitiis:
370 3923 484 3973 tantum
498 3915 594 3992 campi
611 3915 703 3990 jacet.
741 3913 850 3970 Omnia
862 3931 966 3971 secum

178 4009 384 4066 Armentarius
398 4009 472 4067 Afer
486 4010 557 4086 agit,
573 4015 755 4081 tectumque,
769 4004 951 4082 Laremque,

178 4103 341 4178 Armaque,
356 4102 601 4178 Amyclaeumque
616 4118 732 4169 canem,
750 4097 954 4173 Cressamque
968 4097 1147 4175 pharetram.

179 4194 246 4253 Non
261 4195 350 4277 secus
365 4214 401 4253 ac
416 4195 519 4271 patriis
534 4212 605 4251 acer
618 4193 773 4251 Romanus
787 4190 817 4248 in
832 4191 922 4248 armis
1103 4194 1162 4250 346

181 4286 295 4364 Injusto
309 4289 365 4345 sub
380 4288 462 4346 fasce
477 4288 554 4344 viam
569 4306 657 4363 quum
672 4285 778 4362 carpit,
794 4293 824 4343 et
837 4284 915 4342 hosti

180 4380 258 4440 Ante
274 4390 479 4459 exspectatum
494 4379 604 4457 positis
611 4387 669 4437 stat
684 4380 714 4437 in
728 4379 846 4456 agmine
861 4377 981 4435 castris.

219 4476 258 4534 At
272 4495 343 4546 non,
361 4473 420 4550 qus
435 4474 564 4550 Scythia
579 4480 695 4550 gentes,
711 4471 894 4548 Maeotiaque
909 4470 997 4543 unda,

180 4568 331 4627 Turbidus
345 4577 530 4645 attorquens
544 4567 690 4625 flaventes
703 4564 781 4623 Ister
795 4585 915 4637 arenas,
1104 4563 1164 4620 350
