2692 5122
493 777 666 827 muamus
685 779 754 827 als.
770 780 831 828 Vll.

176 915 253 976 Tum
266 916 374 975 contra
385 916 486 996 Juno:
507 917 670 976 Terrarum
684 925 714 976 et
728 918 841 976 fraudis
855 916 972 976 abunde
987 923 1053 976 est:

176 1013 260 1070 Stant
274 1011 344 1068 belli
358 1030 458 1069 caussa
471 1031 479 1081 ;
504 1021 653 1089 pugnatur
666 1013 828 1070 comminus
846 1011 936 1069 armis
950 1031 957 1080 ;

177 1102 253 1171 Quia
268 1104 329 1173 sors
342 1104 436 1180 prima
450 1104 539 1175 dedit,
556 1104 678 1181 sanguis
693 1125 786 1162 novus
799 1105 901 1162 imbuit
916 1123 1010 1164 arma.

175 1196 263 1257 Talia
278 1197 427 1255 connubia
441 1204 470 1254 et
484 1197 560 1255 tales
574 1198 726 1255 celebrent
742 1197 912 1274 hymenaeos

178 1288 342 1368 Egregium
354 1289 482 1358 Veneris
496 1309 591 1366 genus
605 1299 634 1347 et
649 1308 705 1347 ren¹
716 1291 778 1367 ipse
792 1290 927 1349 Latinus.

176 1383 220 1442 Te
235 1404 325 1462 super
339 1385 477 1443 aetherias
492 1404 595 1443 errare
609 1386 747 1445 licentius
762 1405 850 1444 auras

176 1475 268 1536 Haud
281 1476 373 1536 Pater
386 1478 435 1535 ille
451 1479 531 1550 velit,
545 1479 650 1537 summi
664 1488 806 1556 regnator
818 1479 936 1557 Olympi
949 1498 958 1549 ;

178 1568 260 1629 Cede
275 1570 358 1629 locis.
394 1571 473 1648 Ego,
490 1572 515 1630 si
529 1591 588 1647 qua
602 1592 693 1649 super
706 1572 824 1630 fortuna
836 1572 971 1630 laborum
984 1578 1039 1642 est,

176 1661 247 1740 lpse
259 1682 371 1740 regam.
414 1665 508 1721 Tales
522 1664 644 1722 dederat
659 1665 800 1722 Saturnia
813 1684 911 1723 voces.

177 1757 233 1816 llla
247 1768 344 1816 autem
360 1760 466 1817 attollit
480 1759 637 1817 stridentes
651 1760 799 1837 anguibus
814 1760 887 1831 alas,

178 1849 345 1928 Cocytique
360 1853 432 1929 petit
446 1852 557 1922 sedem,
574 1871 682 1928 supera
695 1852 789 1909 ardua
802 1853 947 1928 linquens.

177 1944 232 2004 Est
246 1944 340 2016 locus,
357 1945 452 2003 ltaliae
466 1944 562 2002 medio
576 1946 631 2002 sub
644 1945 792 2003 montibus
806 1946 885 2016 altis,

177 2037 303 2109 Nobilis,
319 2047 349 2096 et
364 2037 443 2096 sami
456 2037 554 2096 multis
574 2047 751 2095 memoratus
765 2039 795 2095 in
808 2039 879 2110 oris,

176 2129 331 2190 Amsancti
346 2132 438 2189 valles
451 2150 458 2199 ;
482 2131 581 2188 densis
595 2131 674 2189 hunc
688 2130 841 2188 frondibus
855 2139 950 2189 atrum

177 2222 270 2302 Urget
286 2224 431 2300 utrimque
446 2225 523 2281 latus
537 2224 675 2295 nemoris,
692 2224 847 2299 medioque
862 2223 999 2302 fragosus

177 2315 238 2374 Dat
252 2318 380 2375 sonitum
394 2317 472 2374 saxis
487 2325 517 2374 et
529 2325 606 2374 torto
620 2316 733 2373 vortice
747 2326 873 2376 torrens.

178 2408 239 2467 Hic
255 2429 363 2487 specus
378 2409 566 2479 horrendum,
582 2408 656 2465 saevi
668 2409 818 2484 spiracula
832 2408 921 2479 Ditis,

177 2501 362 2560 Monstratur
377 2521 385 2571 ;
409 2511 554 2578 ruptoque
569 2501 674 2577 ingens
688 2501 858 2558 Acheronte
873 2519 985 2577 vorago

176 2593 339 2655 Pestiferos
354 2595 447 2672 aperit
463 2594 575 2663 lauces,
591 2594 675 2670 queis
690 2593 808 2651 condita
822 2594 964 2670 Erinnys,

179 2686 309 2746 Invisum
323 2708 441 2760 numen,
456 2697 552 2745 terras
567 2688 736 2762 coelumque
755 2688 881 2746 levabat.

215 2784 283 2843 Nec
297 2783 394 2842 minus
409 2786 523 2841 interea
537 2793 697 2856 extremam
713 2783 852 2841 Saturnia
866 2783 944 2840 hello

178 2877 303 2955 imponit
318 2878 423 2954 regina
435 2896 562 2936 manum.
605 2876 678 2934 Ruit
693 2877 787 2934 omnis
801 2877 830 2933 in
845 2876 949 2933 urbem

177 2970 334 3030 Pastorum
348 2990 385 3027 ex
400 2971 465 3028 acie
480 2990 630 3041 numerus,
647 2989 801 3045 caesosque
821 2976 982 3046 reportant,

177 3065 333 3124 Almonem
347 3083 480 3140 puerum,
497 3064 658 3139 foedatique
673 3083 725 3121 ora
739 3063 850 3122 Galaesi
866 3083 874 3132 ;

178 3156 397 3234 Implorantque
412 3157 494 3228 deos,
511 3159 756 3232 obtestanturque
770 3157 920 3215 Latinum.

177 3250 298 3308 Turnus
313 3249 407 3319 adest,
425 3250 580 3325 medioque
595 3250 625 3307 in
639 3250 772 3319 crimine,
785 3249 875 3306 caedis
889 3258 918 3306 et
931 3248 1008 3325 ignis

178 3341 338 3400 Terrorem
352 3343 512 3419 ingeminat
526 3362 533 3400 t
556 3344 692 3400 Teucros
706 3343 734 3400 in
749 3360 844 3417 regna
858 3340 970 3411 vocari,

180 3436 305 3512 Stirpem
320 3435 477 3493 admisceri
490 3435 651 3511 Phrygiam
666 3453 673 3503 ;
697 3452 729 3491 se
744 3433 843 3489 limine
859 3432 937 3508 pelli.

177 3525 265 3598 Turn,
283 3547 407 3602 quorum
422 3529 552 3585 attonitae
565 3526 687 3599 Baccho
701 3543 822 3583 nemora
835 3525 903 3581 avia
917 3531 1024 3582 matres

180 3618 324 3678 Insultant
339 3621 453 3690 thiasis,
470 3639 566 3694 neque
582 3620 659 3676 enirn
674 3619 738 3676 leve
753 3637 859 3675 nomen
873 3620 998 3690 Amatae,

179 3711 316 3790 Undique
331 3715 449 3772 collecti
466 3715 584 3783 coeunt,
600 3712 788 3787 Martemque
804 3711 939 3789 fatigant.

181 3803 262 3864 llicet
278 3807 428 3864 infandum
443 3806 541 3864 cuncti
555 3814 659 3863 contra
672 3804 769 3862 omnia
783 3804 902 3875 bellum,

180 3896 294 3957 Contra
308 3899 369 3956 sata
383 3900 480 3970 deiim,
498 3918 638 3976 perverso
652 3898 770 3955 numine
786 3905 920 3974 poscunt.

179 3990 328 4070 Certatim¹
339 3993 421 4070 regis
434 3993 624 4050 circumstant
638 3999 718 4049 tocta
732 3990 842 4050 Latini.

180 4084 243 4154 Illo,
262 4086 342 4142 velut
356 4086 455 4163 pelagi
469 4105 557 4162 rupes
571 4085 700 4154 immota,
717 4084 827 4142 resistit
842 4102 850 4152 ;

182 4176 233 4254 [Ut
248 4179 347 4256 pelagi
361 4198 462 4254 rupes,
478 4197 585 4255 magno
599 4178 736 4236 veniente
751 4175 897 4255 stagera]

181 4269 256 4338 Quae
271 4291 350 4347 sese,
365 4272 463 4329 multis
478 4272 590 4329 circiim
604 4271 779 4328 latrantibus
793 4270 889 4340 undis,

180 4363 259 4422 Mola
274 4373 355 4423 tenet
370 4384 377 4433 ;
401 4366 515 4443 scopuli
529 4365 728 4440 nequidquam
743 4374 771 4420 et
786 4381 909 4440 spumea
923 4361 1035 4421 circhm

180 4457 259 4517 Saxa
273 4458 412 4529 fremunt,
428 4459 572 4535 laterique
588 4459 665 4516 illisa
680 4456 843 4514 refunditur
858 4456 935 4532 alga.

179 4547 302 4623 Verum,
317 4552 368 4610 ubi
382 4552 463 4612 nulla
476 4552 563 4612 datur
576 4571 691 4611 caecum
704 4568 885 4630 exsuperare
900 4555 1030 4628 potestas

848 4661 884 4701 cc
