2692 5122
197 387 252 444 106
480 380 507 426 r.
526 379 691 425 vmornn
713 378 886 425 ursonis

194 520 298 588 Quare
314 521 404 598 agite,
420 539 448 590 o,
465 519 562 590 tectis,
575 519 712 595 juvenes,
728 517 880 575 succedite
895 516 1012 574 nostrie.

191 613 244 672 Me
261 632 379 690 quoque
394 613 567 688 permultos
581 611 684 669 similis
698 611 815 669 fortuna
832 610 952 668 labores

192 706 345 766 Jactatam
358 705 417 763 hdo
431 704 549 762 demum
564 705 654 762 voluit
669 705 833 762 consistere
849 702 940 762 terrai.

193 796 262 860 Non
277 800 383 878 ignara
396 799 476 869 mali,
493 799 608 856 miseris
622 817 801 855 succurrere
816 798 908 856 disco.
1120 795 1180 854 660

234 894 283 951 Sic
299 901 440 950 memorat
456 912 463 960 ;
487 892 573 949 simul
590 892 708 950 AEnean
725 893 754 949 in
769 892 854 968 regia
868 891 948 949 ducit

194 984 300 1056 Tecta,
317 986 403 1043 simul
418 982 516 1042 diviim
531 986 648 1062 templis
662 986 763 1043 indicit
778 986 928 1042 honorem.

193 1079 222 1139 N
225 1098 260 1137 ec
275 1079 371 1136 minus
385 1079 500 1136 interea
514 1079 603 1136 sociis
618 1080 653 1136 ad
669 1080 767 1136 littora
780 1078 866 1136 mittit

192 1171 308 1249 Viginti
322 1180 435 1242 tauros,
450 1191 623 1249 magnorum
639 1173 788 1230 horrentia
802 1180 922 1228 centum

193 1262 296 1343 Terga
310 1285 406 1336 suum,
424 1266 551 1344 pingues
566 1275 685 1323 centum
699 1285 766 1323 cum
781 1265 923 1322 matribus
938 1283 1032 1342 agnos
1047 1283 1055 1333 ;
1121 1263 1181 1321 6³5

194 1356 322 1415 Munera
336 1359 527 1435 laetitiamque
542 1359 591 1417 dii.

231 1452 272 1509 At
286 1451 389 1509 domus
404 1453 526 1510 interior
539 1452 634 1529 regali
649 1452 804 1532 splendida
824 1453 894 1509 luxu

191 1542 363 1614 instruitur,
380 1546 543 1620 mediisque
559 1553 664 1622 parant
678 1545 815 1602 convivia
828 1546 924 1603 tectis.

193 1636 269 1696 Arte
284 1638 426 1696 laboratae
441 1646 550 1708 vestes,
567 1638 851 1714 ostroquusuperbo
865 1657 873 1706 ;

192 1727 306 1808 Ingens
320 1739 477 1807 argentum
492 1730 612 1800 mensis,
627 1730 793 1805 caelataque
808 1730 837 1787 iu
853 1749 926 1787 auro
1124 1729 1185 1788 640

192 1816 298 1881 Fortia
312 1822 391 1881 sacta
405 1831 532 1902 patrum,
547 1823 642 1880 series
656 1823 828 1900 longissima
847 1842 956 1897 rerum,

175 1913 254 1985 ¹Per
266 1925 309 1974 tot
324 1915 414 1975 ducta
429 1917 508 1974 viros
523 1914 647 1991 antiqui
661 1917 698 1972 ab
713 1916 828 1993 origine
842 1910 965 1993 gentis.''

233 2009 353 2068 AEueas
370 2007 482 2086 (neque
497 2009 576 2065 enim
589 2009 702 2086 patrius
716 2009 881 2066 consistere
896 1996 1025 2066 men't'ein

194 2101 309 2162 Passus
323 2104 420 2178 amor)
436 2101 571 2179 rapidum
585 2102 623 2159 ad
637 2122 729 2161 naves
744 2102 892 2179 praemittit
906 2102 1054 2174 Achaten,

193 2194 328 2255 Ascanio
343 2196 418 2254 serat
434 2196 509 2266 hoec,
526 2195 681 2272 ipsumque
696 2196 733 2253 ad
748 2197 858 2253 moenia
870 2195 969 2254 ducat.

193 2287 300 2346 Omnis
315 2289 344 2345 in
359 2289 490 2345 Asconio
505 2288 567 2346 cari
583 2299 641 2345 stat
655 2307 729 2346 cura
744 2290 884 2365 parentis.

193 2378 325 2437 Munera
341 2389 497 2455 praeterea,
516 2379 617 2438 Iliacis
632 2390 736 2457 erepta
751 2381 854 2451 ruinis,

195 2471 291 2531 Ferre
308 2473 393 2547 jubet
408 2492 415 2540 ;
441 2473 549 2549 pallam
563 2474 656 2550 signis
671 2493 804 2550 auroque
819 2476 975 2552 rigentem,
1008 2520 1011 2533 .

195 2563 236 2622 Et
251 2565 478 2622 circumtextum
491 2585 600 2623 croceo
614 2567 750 2623 velamen
766 2569 904 2639 acantho,

194 2656 328 2715 Ornatus
342 2658 462 2735 Argium
478 2658 606 2716 Helenae
621 2679 628 2727 ;
653 2679 727 2735 quos
742 2660 792 2716 iliu
806 2660 954 2736 Mycenis,
1125 2662 1185 2721 650

195 2748 346 2826 Pergama
361 2770 449 2825 quum
466 2760 579 2827 peteret
594 2752 845 2828 inconcessosque
861 2753 1055 2829 Hymeumos,

194 2841 364 2913 Extulerat,
379 2845 482 2901 matris
496 2843 589 2901 Ledae
603 2845 737 2902 mirabile
752 2845 869 2903 donum.

196 2935 350 2994 Praeterea
366 2944 525 3012 sceptrum,
544 2937 637 2994 llione
653 2938 730 3013 quod
745 2947 880 3015 gesserat
896 2938 975 3011 olim,

195 3026 329 3086 Maxima
343 3038 480 3086 natarum
494 3030 616 3102 Priami,
633 3032 770 3108 colloque
788 3033 894 3089 mouile

195 3120 372 3193 Baccatum,
389 3131 418 3180 et
433 3122 580 3201 duplicem
594 3126 718 3202 gemmis
732 3145 865 3202 auroque
881 3145 1030 3186 coronam.
1125 3127 1185 3187 656

195 3214 275 3273 Haec
291 3216 438 3287 celerans,
455 3217 511 3274 iter
526 3217 563 3274 ad
577 3237 669 3275 naves
685 3219 826 3277 tendebat
841 3219 984 3277 Achates.

236 3309 276 3364 At
291 3307 445 3384 Cytherea
458 3330 551 3367 novas
566 3319 657 3379 artes,
674 3330 751 3368 nova
766 3324 885 3388 pectore
900 3321 1000 3385 versat

197 3399 333 3460 Consilia
347 3421 354 3469 3
381 3411 411 3460 ut
426 3402 532 3460 faciem
546 3412 676 3461 mutatus
691 3412 720 3460 et
733 3424 787 3461 ora
801 3404 918 3481 Cupido

196 3492 256 3551 Pro
270 3493 350 3551 dulci
365 3494 497 3552 Ascanio
512 3496 621 3567 veniat,
637 3497 781 3573 donisque
802 3497 947 3555 furentem

197 3584 342 3644 Incendat
356 3588 500 3664 reginam,
518 3598 607 3666 atqua
622 3590 738 3647 ossibus
753 3591 880 3668 implicet
897 3591 1006 3668 ignem.
1125 3594 1185 3652 660

198 3676 316 3755 Quippe
331 3679 448 3738 domum
462 3683 543 3740 timet
559 3684 738 3761 ambiguam,
753 3683 922 3760 Tyriosque
937 3685 1095 3764 bilingues.

195 3769 263 3829 Urit
278 3780 362 3829 atrox
375 3773 394 3829 J
398 3794 466 3843 uuo,
483 3783 513 3833 et
527 3778 581 3834 sub
596 3787 714 3835 noctem
728 3797 803 3836 cura
816 3785 961 3837 recursat.

172 3932 175 3937 ¹
194 3858 280 3941 Ergo
295 3865 341 3921 his
355 3867 501 3944 aligerum
516 3869 602 3935 dictis
616 3872 724 3930 affatur
738 3874 879 3930 Amorem
893 3891 899 3928 :

196 3954 287 4027 Nate,
304 3977 377 4015 meoe
393 3960 483 4029 vires,
499 3980 567 4019 mea
580 3982 689 4041 magna
704 3967 844 4042 potentia,
861 3966 953 4035 solus,

195 4049 288 4121 Nate,
305 4052 397 4128 patris
412 4055 517 4111 summi
532 4056 581 4130 qui
595 4058 655 4115 teia
667 4058 807 4136 Typhoia
820 4059 937 4127 temnis,
1125 4062 1185 4121 666

105 4219 110 4229 ¹
196 4142 244 4203 Ad
257 4152 287 4202 te
302 4144 451 4225 confugio,
467 4155 497 4204 et
511 4149 635 4227 supplex
649 4159 701 4209 tua
716 4153 836 4209 numina
851 4171 951 4229 posco.
1129 4167 1130 4171 ’

1125 2197 1184 2255 645

1047 2243 1059 2281 t

288 4344 321 4385 ,μ’
