2692 5122
484 768 656 819 austros
676 771 747 820 m.
760 772 805 821 Vl.

173 922 300 983 Dixerat
313 924 462 983 Anchises
475 939 484 981 t
505 937 667 1004 natumque
681 925 799 1004 unique
814 926 958 1005 Sibyllam

175 1017 348 1078 Conventus
362 1018 451 1076 trabit
465 1019 496 1076 in
509 1020 630 1090 medios,
646 1021 821 1097 turbamque
835 1030 989 1079 sonantem
1002 1038 1012 1090 ς

173 1111 214 1169 Et
226 1110 372 1169 tumulum
385 1112 474 1188 capit,
490 1113 569 1170 unde
583 1130 686 1170 omnes
701 1113 789 1190 longo
803 1114 907 1171 ordine
921 1113 1015 1192 possit

174 1203 326 1263 Adversus
341 1205 452 1282 legere,
467 1214 496 1263 et
511 1206 682 1264 venientum
695 1205 811 1263 discere
825 1208 933 1266 vultus.
1100 1204 1159 1265 765

212 1297 241 1356 N
244 1316 303 1355 uno
318 1316 386 1375 ege,
400 1297 583 1356 Dardaniam
598 1300 710 1376 prolem
725 1317 791 1376 quar
804 1299 910 1359 deinde
924 1307 1068 1379 sequatur

175 1389 288 1461 Gloria,
308 1391 359 1466 qui
373 1399 512 1448 musam
526 1390 606 1449 ltstt
618 1390 655 1450 de
669 1401 759 1470 gente
773 1402 907 1472 nepotes,

177 1481 312 1541 illustres
326 1484 453 1554 animas,
468 1494 659 1561 nostrumque
674 1486 704 1543 in
719 1504 825 1544 nomeu
840 1487 944 1559 ituras,

176 1576 342 1654 Expediam
356 1577 453 1648 dictis,
469 1585 499 1634 et
511 1586 542 1635 te
555 1587 608 1636 tna
621 1579 682 1636 fata
695 1578 818 1638 docebo.

179 1667 241 1740 lna,
257 1669 353 1741 vides,
370 1668 445 1747 puri
455 1671 574 1746 juvenis
588 1671 638 1747 qui
652 1671 754 1729 nititur
766 1671 864 1743 hasti,
1101 1671 1166 1730 760

122 1801 129 1809 -
178 1762 316 1822 Proxima
329 1772 410 1821 sorte
424 1773 505 1822 tenet
518 1765 594 1823 lueis
607 1766 674 1823 loca
688 1785 697 1834 3
719 1768 831 1844 primus
845 1767 882 1825 ad
896 1784 986 1826 aum

179 1855 335 1914 AEtheriss
349 1854 426 1914 Italo
440 1858 614 1915 commixtus
628 1859 773 1937 sauguine
786 1868 900 1938 surget,
923 1886 926 1892 ·

181 1949 296 2021 Silvius,
313 1950 462 2007 Albanum
476 1968 593 2022 nomen,
609 1959 661 2010 tua
674 1961 809 2029 postuma
822 1954 942 2030 proles:

181 2041 276 2110 Quem
289 2042 344 2100 tibi
357 2042 492 2120 longaevo
506 2063 605 2102 serum
619 2043 746 2104 Lavinia
759 2047 868 2123 conjux

180 2134 295 2194 Educet
309 2136 392 2193 silvis
406 2154 517 2213 regem,
532 2156 697 2216 regumque
712 2149 865 2216 pureutem
878 2160 887 2210 ;
1104 2139 1168 2197 765

180 2228 262 2287 Unde
277 2249 374 2307 genus
388 2227 494 2307 Longi
508 2240 640 2289 nostrum
654 2232 854 2291 dominabitur
865 2233 954 2293 Albe.

182 2320 338 2381 Proximus
352 2322 401 2379 ille
415 2322 546 2394 Procas,
554 2324 694 2399 Troianae
709 2325 805 2402 gloria
818 2327 916 2403 gentis
932 2345 940 2395 ;

180 2416 217 2474 Et
233 2415 348 2492 Capys,
364 2423 392 2472 et
407 2416 555 2486 Numitor,
574 2424 614 2487 et,
631 2417 682 2492 qni
695 2426 724 2474 te
739 2418 857 2475 nomine
870 2417 984 2490 reddet,

182 2508 292 2567 Silvius
305 2508 435 2578 AEneas,
452 2509 564 2585 pariter
577 2509 686 2585 pietate
700 2510 748 2567 vel
762 2511 853 2568 armis

180 2601 341 2679 Egregius,
357 2601 382 2658 si
397 2620 527 2676 unquam
541 2601 723 2680 regnandam
739 2603 890 2680 acceperit
904 2602 1024 2662 Albam.
1107 2603 1169 2660 770

182 2692 241 2761 Qui
251 2693 379 2768 juvenes
394 2702 522 2770 quantas
534 2703 695 2767 ostentant,
711 2696 842 2774 adspice,
859 2696 937 2754 vires
954 2699 961 2754 l

182 2786 234 2858 At,
252 2786 302 2863 qui
317 2788 454 2844 umbrata
466 2797 573 2866 gerunt
587 2788 666 2846 civili
680 2797 813 2867 tempora
829 2809 951 2867 quercu,

182 2879 223 2938 Hi
237 2879 290 2938 tibi
304 2880 494 2949 Nomentum,
510 2889 540 2935 et
554 2880 679 2950 Gabios,
696 2885 859 2956 urbemque
874 2882 1020 2939 Fidenam
1037 2901 1047 2951 3

182 2973 225 3031 Hi
240 2972 405 3032 Collatinas
419 2973 568 3048 imponent
582 2973 729 3030 montibus
750 2991 847 3044 arces,

182 3064 343 3135 Pometios,
358 3072 548 3140 castrumque
562 3062 639 3135 Inui,
655 3065 830 3143 Bolamque,
847 3065 1041 3144 Coramque:
1109 3066 1168 3124 rto

183 3158 260 3217 Haec
273 3167 337 3216 tum
349 3158 468 3216 nomina
480 3166 576 3230 erunt,
592 3177 671 3216 nunc
685 3171 753 3217 sunt
767 3160 830 3217 sine
845 3161 961 3218 nomine
974 3170 1073 3219 terras,

184 3253 265 3320 Quin
279 3262 308 3311 et
323 3271 379 3311 avo
392 3252 529 3310 comitem
541 3271 609 3310 sese
623 3253 789 3310 Mavortius
803 3253 891 3311 addet

184 3345 340 3416 Romulus,
355 3345 500 3403 Assaraci
516 3363 603 3422 quem
618 3345 773 3422 sanguinis
790 3345 846 3403 llio
860 3354 957 3403 mater

187 3439 310 3497 Educet.
352 3437 462 3496 Viden’
476 3447 506 3496 ut
520 3438 647 3516 geminas
662 3447 741 3494 stant
757 3438 869 3495 vertice
886 3438 997 3509 cristae,

98 3567 104 3572 ·
185 3531 225 3590 Bt
236 3531 330 3590 Pater
343 3531 406 3608 ipse
419 3550 473 3589 suo
488 3527 634 3606 Supertim
643 3529 704 3604 jam
719 3529 818 3606 signat
831 3527 944 3587 honore
963 3529 975 3586 i
1112 3526 1172 3586 780

185 3623 242 3694 En,
260 3624 359 3700 hujus,
375 3632 454 3694 nate,
472 3622 613 3698 auspiciis
628 3622 678 3679 illa
693 3621 804 3697 inclyto
817 3622 915 3680 Roma

186 3716 344 3794 Imperium
358 3717 456 3786 terris,
473 3716 587 3772 animos
602 3716 731 3791 mquabit
745 3715 883 3792 Olympo,

188 3812 364 3887 septemque
377 3829 438 3868 una
451 3810 507 3867 sibi
521 3827 605 3867 muro
619 3808 814 3868 circumdabit
828 3828 927 3881 arces,

187 3901 270 3961 Felix
286 3903 369 3980 prole
382 3900 477 3960 virrim
493 3920 500 3959 ε
525 3903 621 3977 qualis
634 3903 814 3979 Berecyntia
827 3911 923 3961 mater

188 3994 341 4054 Invehitur
353 4015 443 4054 curru
456 3996 605 4073 Phrygias
618 3997 725 4054 turrita
744 4015 797 4073 per
810 3998 912 4068 urbes,
1112 3990 1171 4051 teo

188 4086 273 4146 Laeta
286 4085 375 4146 derim
388 4097 485 4165 partu,
500 4096 619 4147 centum
633 4089 788 4166 complexa
800 4096 936 4166 nepotes,

189 4179 299 4238 Omnes
312 4181 475 4252 coelicolas,
491 4200 593 4239 omnes
606 4199 715 4257 supera
729 4181 789 4239 alta
803 4189 952 4238 tenentes.

190 4272 259 4331 Huc
274 4274 408 4351 geminas
420 4294 500 4332 nunc
514 4273 600 4331 flecte
614 4275 697 4332 acies
711 4293 719 4330 ε
741 4273 819 4332 huno
833 4273 954 4351 adspice
968 4279 1099 4354 gentem,

190 4366 400 4445 Romamque
413 4375 495 4427 tuos.
535 4367 599 4426 Hic
613 4367 730 4439 Caesar,
745 4375 775 4425 et
788 4368 883 4426 omnis
899 4365 956 4427 iuli

190 4458 364 4539 Prqenies,
380 4480 518 4538 magnum
532 4461 601 4520 coeli
615 4469 740 4518 venturu
753 4463 808 4518 sub
823 4480 918 4519 axem.
1112 4459 1171 4516 790

190 4550 252 4611 Hic
265 4554 321 4626 vir,
336 4552 386 4613 bic
400 4561 455 4626 est,
470 4553 524 4612 tibi
538 4573 625 4632 quem
638 4553 767 4633 promitti
781 4553 889 4632 sepius
903 4551 998 4625 audis,
