2692 5122
478 765 652 813 AENEIDOS
672 765 741 812 LlB.
756 765 809 813 111.

153 901 200 975 Di,
216 902 310 961 maris
324 912 353 961 et
367 910 455 961 tarra
468 913 737 981 tempestatumque
751 911 897 982 potentes,

152 997 240 1056 Ferte
255 997 333 1054 viam
348 1004 436 1053 vento
450 996 579 1067 facilem,
596 1006 625 1054 et
640 997 750 1073 spirate
764 996 896 1054 secundi.

153 1089 356 1150 Crebrescunt
370 1099 477 1167 optatae
493 1110 585 1160 aurae,
603 1099 763 1167 portusque
778 1090 904 1167 patescit
1074 1091 1133 1150 500

151 1183 218 1243 Jam
233 1184 363 1262 propior,
379 1184 579 1260 templumque
593 1192 715 1260 apparet
731 1184 759 1240 in
775 1202 845 1240 aree
860 1181 1018 1242 Minerva.

152 1278 227 1335 Vela
241 1278 346 1356 legunt
360 1277 443 1347 socii,
460 1286 488 1334 et
504 1296 608 1354 proras
622 1277 659 1334 ad
675 1276 773 1334 littora
787 1284 933 1352 torquent.

152 1372 258 1431 Portus
274 1373 311 1429 ab
325 1372 428 1429 Euroo
442 1372 533 1429 fluctu
548 1380 688 1429 curvatus
703 1371 731 1428 in
746 1389 868 1428 arcum:

151 1465 285 1541 Objectae
300 1463 382 1522 salsi
394 1473 530 1542 spumant
545 1464 703 1543 aspergine
719 1474 822 1522 cautes
838 1483 845 1521 ε

151 1557 217 1636 lpse
233 1559 305 1616 latet
322 1578 329 1614 :
352 1560 469 1636 gemino
484 1558 638 1615 demittunt
657 1558 779 1616 brachia
794 1577 878 1615 muro
1073 1557 1131 1615 535

149 1651 264 1710 Turriti
277 1653 402 1729 scopuli,
419 1652 586 1729 refugitque
601 1653 638 1709 ab
652 1651 750 1708 littore
764 1651 914 1727 templum.

190 1743 330 1812 Quatuor
343 1743 402 1814 hic,
420 1745 543 1822 primum
558 1763 654 1814 omen,
671 1763 764 1819 equos
778 1744 807 1800 in
822 1742 956 1820 gramine
969 1741 1029 1801 vidi

149 1837 323 1896 Tondeutes
337 1857 473 1915 campum
487 1837 556 1908 late,
574 1838 703 1894 candore
717 1837 816 1894 nivali.

149 1930 190 1989 Et
204 1940 289 2008 pater
302 1931 451 1988 Anchises
467 1951 473 1987 :
495 1931 622 2000 Bellum,
639 1938 751 1987 oterra
765 1930 892 2007 hospita,
909 1938 1009 2007 portas
1024 1947 1031 1986 ε

149 2022 235 2082 Bello
250 2033 402 2082 armantur
416 2024 484 2100 equi
498 2043 505 2092 ;
529 2024 638 2081 bellum
653 2023 717 2081 haec
733 2031 867 2080 armenta
880 2024 1038 2081 minantur.
1073 2023 1132 2081 540

151 2115 210 2174 Sed
226 2125 327 2175 tamen
339 2116 419 2175 idem
431 2116 499 2174 olim
514 2136 604 2175 curru
618 2115 781 2173 succedere
796 2116 874 2173 sueti

151 2206 380 2288 Quadrupedes,
397 2218 425 2268 et
443 2209 537 2268 sraena
554 2210 627 2287 jugo
642 2209 803 2266 concordia
817 2209 919 2267 serre:

152 2302 226 2380 Spes
241 2311 270 2360 et
285 2304 377 2380 pacis,
394 2304 443 2361 ait.
485 2303 564 2360 Tum
578 2302 698 2359 numina
712 2310 816 2359 saneta
830 2320 988 2377 precamur

151 2395 284 2456 Palladis
298 2397 465 2467 armisonae,
482 2416 548 2471 qum
563 2395 657 2472 prima
673 2396 789 2470 accepit
804 2404 927 2452 ovantes
943 2413 952 2463 ;

150 2489 191 2548 Et
205 2491 305 2567 capita
318 2499 386 2548 ante
401 2510 470 2547 aras
483 2489 615 2565 Phrygio
630 2488 763 2545 velamur
778 2488 885 2545 amictu
899 2507 906 2544 :
1074 2489 1133 2547 545

151 2580 375 2661 Praeceptiaquo
389 2582 513 2652 Heleni,
529 2581 650 2638 dederat
667 2601 732 2656 quae
746 2580 883 2651 maxima,
900 2578 956 2638 rite

150 2674 262 2734 Juuoni
280 2677 401 2754 Argium
419 2676 520 2750 jussos
535 2674 685 2732 adolemus
700 2675 836 2731 honores.

190 2769 284 2828 Haud
298 2791 392 2842 mora,
408 2770 559 2841 continub,
576 2769 716 2847 perlectis
731 2768 832 2825 ordine
847 2768 933 2838 votis,

153 2862 278 2923 Cornua
290 2865 455 2922 velatarum
469 2864 649 2921 obvertimus
664 2870 858 2919 antennarum
874 2880 882 2930 ;

151 2955 416 3034 Grajugemimque
430 2957 542 3026 domos,
559 2965 756 3032 suspectaque
772 2954 930 3030 linquimus
945 2972 1026 3013 arva.
1073 2955 1133 3012 550

151 3049 234 3107 Hinc
249 3050 331 3108 ainus
345 3049 501 3120 Herculei,
518 3050 543 3107 si
558 3068 629 3107 vera
642 3060 687 3106 est
706 3049 795 3119 sama,
811 3047 937 3106 Tarenti

153 3140 304 3202 Cernitur.
346 3144 461 3202 Attollit
476 3163 507 3200 se
523 3143 591 3200 diva
604 3142 731 3200 Lacinia
745 3143 860 3233 coptrd,

153 3234 359 3313 Caulonisque
374 3256 471 3308 arces,
486 3245 515 3294 et
533 3236 719 3314 navifragum
734 3236 922 3312 Scylaceum.

151 3328 231 3387 Tum
245 3330 347 3407 procul
362 3349 378 3387 o
394 3330 484 3388 fluctu
500 3330 658 3388 Trinacria
672 3329 804 3386 cernitur
817 3328 935 3385 AEtna:

151 3421 193 3481 Et
211 3423 352 3498 gemitum
367 3424 516 3500 ingentem
530 3422 640 3498 pelagi,
656 3420 832 3498 pulsataque
847 3437 921 3475 saxa
1077 3418 1134 3475 555

152 3515 298 3573 Audimus
313 3516 413 3593 longi,
431 3516 600 3589 fractasque
616 3512 652 3568 ad
668 3511 768 3568 littora
783 3529 872 3567 voces
889 3529 896 3578 ;

153 3607 372 3684 Exsultantque
387 3608 474 3678 vada,
490 3615 578 3681 atque
594 3614 666 3662 aestu
682 3604 843 3660 miscentur
857 3622 967 3661 arente.

153 3699 193 3758 Et
214 3711 299 3778 pater
311 3703 461 3760 Anchises
476 3720 483 3757 :
506 3700 652 3759 Nimirum
666 3699 731 3755 haeo
746 3697 796 3754 illa
811 3696 981 3773 Charybdis
996 3714 1003 3753 :

154 3793 222 3852 Hos
236 3795 374 3853 Helenus
388 3795 535 3872 scopulos,
552 3793 617 3850 haec
632 3810 704 3850 sara
717 3790 866 3848 horrenda
879 3791 1015 3848 canebat.

153 3886 281 3965 Eripite,
298 3909 316 3946 o
329 3889 412 3959 socii,
430 3889 599 3965 pariterque
615 3885 758 3962 insurgite
773 3885 871 3942 rantis.
975 3881 981 3897 ⁸
1077 3883 1136 3941 560

154 3979 247 4038 Haud
261 3981 357 4039 mimis
371 4001 407 4039 ac
423 3981 500 4056 jussi
514 3980 625 4038 saoiunt
639 3999 646 4036 :
669 3980 839 4056 primusque
854 3976 1009 4035 rudentem

156 4073 308 4132 Contorsit
326 4075 417 4133 laevas
433 4093 550 4152 proram
563 4073 723 4130 Palinurus
737 4071 774 4128 ad
789 4071 882 4127 undas
899 4089 906 4138 ;

154 4166 278 4225 Laevam
291 4176 400 4225 cuncta
415 4169 521 4225 cohors
536 4167 625 4224 rantis
638 4165 793 4240 ventisque
808 4163 918 4241 petivit.

155 4260 302 4319 Tollimur
315 4263 344 4319 in
359 4262 468 4320 coelum
482 4268 606 4318 curvato
620 4259 750 4336 gurgite,
765 4265 793 4314 et
808 4256 887 4314 idem

156 4352 311 4412 Subductis
325 4355 361 4412 ad
375 4354 483 4412 Manes
497 4354 572 4411 imos
587 4352 746 4409 desidimus
762 4348 849 4407 undis.
1079 4346 1137 4406 565

155 4446 217 4504 Ter
231 4448 346 4525 scopuli
361 4449 520 4506 clamorem
539 4447 616 4504 inter
629 4464 704 4502 cava
719 4463 791 4502 saxa
804 4439 914 4500 dedere
930 4460 938 4510 ;

155 4539 218 4599 Ter
231 4560 364 4620 spumam
378 4542 482 4599 elisam
496 4550 525 4599 et
539 4538 671 4599 rorantia
683 4538 808 4596 vidimus
823 4549 910 4594 astra.
