2692 5122
528 744 704 792 AENEI'DOS
724 743 794 791 ma.
809 744 828 790 1.

184 878 345 967 Tereaque
359 872 529 941 transierint
542 883 664 941 Rutulis
678 883 804 941 hiberna
818 880 1005 1029 subacpigp

185 977 223 1035 At
238 994 312 1053 puer
325 975 486 1047 Ascanius,
503 976 553 1033 cui
567 996 646 1033 nunc
661 995 827 1053 cognomen
842 974 907 1032 lulo

186 1067 336 1147 [Additur,
354 1068 432 1144 (llus
446 1081 522 1140 erat,
539 1069 608 1126 dum
622 1088 671 1127 res
685 1070 765 1126 stetit
780 1069 836 1126 Ilia
848 1067 984 1149 regum„

186 1159 323 1241 Triginta
336 1181 460 1240 magnos
473 1162 626 1220 volvendis
641 1164 792 1220 mensibus
807 1163 895 1219 orbes
963 1196 967 1205 ·

186 1255 312 1333 Imperio
326 1255 465 1333 explebit,
484 1275 669 1333 regnumque
684 1258 720 1313 nb
735 1254 805 1313 sede
819 1252 926 1312 Lavini

184 1348 370 1420 Transferat,
387 1359 416 1407 et
431 1350 551 1429 longam
565 1349 658 1408 multi
672 1351 700 1407 vi
715 1350 825 1406 muniet
840 1350 1003 1487 Albam«
1074 1401 1080 1413 ,

183 1441 244 1500 Hic
262 1442 325 1518 jam
338 1451 385 1500 ter
399 1452 518 1501 centum
533 1452 610 1501 totos
623 1444 798 1522 regnabitur
813 1462 906 1500 uunos
949 1442 952 1447 ’

183 1537 280 1597 Gente
295 1540 350 1596 sub
365 1537 523 1597 Hectorea
538 1559 545 1609 ;
563 1539 659 1598 donec
673 1540 779 1616 regina
793 1539 935 1597 sacerdos

182 1629 280 1688 Marte
294 1631 397 1709 gravis
410 1633 558 1710 geminam
574 1642 659 1710 partu
674 1633 755 1693 dabit
770 1630 826 1689 Ilia
840 1632 951 1711 prolem
1108 1678 1126 1689 „

183 1722 256 1781 lude
270 1724 348 1803 lupae
363 1723 443 1783 fulvo
458 1725 582 1784 nutricis
596 1727 726 1804 tegmine
740 1727 827 1791 laetus
940 1667 1015 1784 Φ

182 1816 328 1875 Romulus
341 1817 469 1895 excipiet
483 1829 613 1896 gentem,
631 1828 660 1876 ct
676 1817 829 1876 Mavortia
843 1817 950 1877 condet

182 1909 307 1983 Moenia,
321 1911 535 1988 Romanosque
550 1933 604 1970 suo
619 1913 655 1970 de
669 1914 787 1971 nomine
802 1913 890 1971 dicet.
918 1960 934 1987 ,Ι

181 2003 240 2062 His
254 2024 312 2083 ego
326 2024 383 2063 nec
397 2013 604 2064 meteororum
618 2025 674 2063 nec
688 2016 823 2083 tempora
843 2023 939 2083 pono:

182 2094 341 2176 Imperium
356 2098 419 2156 sine
434 2099 491 2156 fine
506 2100 583 2158 dedi.
627 2099 708 2166 Quin
724 2119 831 2177 aspera
843 2099 935 2170 Juno,

182 2190 257 2258 Quae
273 2211 356 2250 mare
370 2212 448 2250 nunc
462 2201 619 2269 terrasque
634 2203 713 2250 metu
728 2193 897 2268 cmlumque
913 2191 1027 2270 fatigat,

182 2284 318 2345 Consilia
331 2286 361 2343 in
375 2286 481 2344 melius
496 2287 616 2357 reseret,
632 2306 808 2362 mecumque
824 2286 971 2355 fovebitp,

180 2378 343 2450 Romanos,
360 2398 460 2437 rerum
474 2379 607 2436 dominos
620 2388 800 2456 gentemque
814 2386 955 2455 togatam.

181 2472 230 2530 Sic
244 2473 395 2550 placitum.
437 2472 547 2529 Veniet
562 2472 663 2530 lustris
677 2473 845 2529 labentibus
858 2480 942 2542 aetas,

180 2564 281 2632 Quum
295 2565 401 2645 domus
416 2566 559 2622 Assaraci
574 2565 712 2623 Phthiam
732 2566 889 2640 clarasque
903 2563 1050 2640 Mycenas

180 2659 307 2716 Servitio
322 2668 445 2737 premet,
463 2678 499 2716 ac
514 2658 600 2716 victis
614 2658 813 2716 dominabitur
825 2659 926 2736 Argis.

179 2751 331 2811 Nascetur
344 2752 470 2830 pulchri
483 2753 633 2829 Trojanus
648 2753 763 2830 origine
778 2752 896 2823 Caesar,
938 2723 974 2815 ‘i

179 2845 338 2923 Imperium
352 2866 475 2917 oceano,
494 2847 600 2904 sarnam
616 2846 666 2922 qui
680 2847 817 2904 terminet
831 2846 918 2904 astris
932 2865 939 2916 ;

176 2939 288 3010 Julius,
305 2959 322 2997 a
336 2959 444 3018 magno
459 2941 618 2999 demissum
632 2960 738 2998 nomen
754 2940 829 2999 Iulo.

177 3031 272 3090 Hunc
285 3041 316 3090 tu
332 3033 400 3091 olim
414 3034 501 3104 coelo,
519 3035 619 3111 spoliis
635 3035 767 3092 Orientis
782 3041 931 3106 onustum,
1026 3050 1030 3061 ¹

176 3126 320 3202 Accipies
333 3146 462 3184 secura:
485 3129 640 3185 vocabitur
654 3129 702 3185 hic
717 3147 836 3204 quoque
852 3127 938 3186 votis.

177 3219 298 3296 Aspera
312 3227 374 3277 tum
388 3221 490 3296 positis
503 3222 659 3279 mitescent
674 3222 786 3279 saecula
800 3221 895 3278 bellis.

177 3310 266 3370 Cana
279 3311 380 3383 Fides,
397 3322 426 3370 et
440 3314 547 3384 Vesta,
563 3314 660 3371 Remo
674 3314 846 3371 cumfratre
862 3256 1017 3383 errinus,

174 3404 254 3463 Jura
268 3406 378 3464 dabunt
394 3426 400 3462 ι
424 3406 495 3465 dirae
511 3407 591 3464 ferro
604 3417 633 3465 et
648 3407 842 3484 compagibus
857 3405 949 3461 arctis

178 3497 368 3571 Claudentur
381 3500 458 3557 Belli
474 3508 566 3576 portae
583 3519 590 3555 r
611 3500 712 3557 Furo'r.
724 3499 830 3576 impius
846 3498 936 3568 intus,

177 3593 267 3651 Saeva
280 3595 388 3653 sedens
403 3614 493 3671 super
507 3614 600 3666 arma,
617 3604 647 3652 et
661 3586 910 3652 ce'ntumuinctus
924 3591 1028 3657 ahenis

176 3685 251 3746 Post
264 3696 381 3767 tergum
396 3688 491 3759 nodis,
508 3687 612 3745 fremet
627 3687 763 3745 horridus
777 3707 829 3745 ore
844 3696 1003 3809 ⁰¹th

218 3779 297 3839 Haec
312 3781 354 3840 ait
368 3801 376 3851 ;
401 3792 430 3839 et
444 3780 529 3839 Maii
542 3782 675 3859 genitum
689 3781 814 3853 demittit
829 3783 866 3839 ab
883 3782 954 3853 alto,
989 3783 1014 3814 Ι

175 3871 216 3931 Ut
229 3883 329 3945 terrae,
346 3883 438 3952 utque
453 3895 536 3933 nouis
552 3884 670 3952 pateant
685 3875 880 3953 Carthaginis
895 3894 984 3934 arces

176 3966 318 4044 Hospitio
330 3968 460 4026 Teucris
474 3989 481 4038 ;
507 3989 544 4026 ne
559 3970 611 4027 sati
624 3970 728 4027 nescia
740 3969 821 4027 Dido

177 4059 303 4119 Finibus
315 4073 444 4121 arceret.
485 4052 575 4120 Volat
590 4064 638 4121 ille
654 4082 707 4140 per
721 4065 792 4121 a'e'ra
806 4081 947 4145 magnum

176 4153 317 4232 Remigio
331 4156 457 4226 alarum,
474 4175 511 4213 ac
525 4155 629 4230 Libyae
644 4157 721 4213 citus
735 4154 846 4213 adstitit
860 4148 933 4274 ori*

153 4218 219 4305 effi
234 4247 297 4323 jam
313 4247 399 4324 jussa
413 4249 504 4307 facit:
547 4259 697 4331 onuntqpe
713 4248 826 4306 ferocia
838 4248 925 4308 Poeni
942 4320 946 4330 Ι

178 4326 291 4413 Corda,
308 4341 425 4399 volente
440 4269 571 4421 dedin
586 4342 686 4419 primis
700 4342 804 4419 regina
819 4304 1002 4421 quietum‘i·

178 4433 296 4512 Accipit
310 4434 340 4492 in
353 4434 490 4505 Teucros
505 4435 634 4493 animum
648 4445 834 4512 mentemque
849 4424 1019 4514 benignam.

185 4550 189 4559 ·
218 4527 258 4586 At
272 4527 338 4605 pius
350 4528 481 4601 AEneas,
498 4548 552 4607 per
564 4536 683 4586 noctem
697 4529 822 4608 plurima
836 4530 969 4601 volvens,
993 4575 1009 4626 ᾖ

399 4665 406 4682 .
455 4624 473 4679 9
861 4639 888 4680 m
968 4668 973 4676 .
