2692 5122
466 780 653 871 ''ausrnos
673 791 742 838 ars.
759 791 835 839 v111.
875 750 880 761 ⁸
1095 796 1152 853 247

291 930 385 1007 avidae
400 931 430 990 in
443 902 669 1002 murls'matres,
685 932 838 1006 oculisque
853 930 1019 1006 sequuntur

172 1022 267 1083 Pulve
303 1043 351 1082 am
365 1026 482 1095 nubem,
499 1034 528 1081 at
542 1024 690 1101 fulgentes
704 1044 762 1082 aare
777 1032 924 1080 catervas.

173 1116 232 1176 Olli
247 1137 301 1194 per
313 1117 426 1188 dumos,
443 1116 504 1193 qud
518 1118 649 1193 proxima
663 1125 741 1173 meta
755 1117 880 1187 viarum,

173 1211 289 1269 Atinati
301 1210 446 1269 tendunt:
471 1210 628 1279 italarum,
645 1218 685 1279 et,
703 1210 820 1286 agmine
836 1210 925 1280 sacto,
1095 1208 1154 1266 595

175 1301 429 1379 Quadrupedante
444 1310 559 1380 putrem
573 1302 671 1360 sonitu
685 1303 778 1377 quatit
793 1303 904 1378 ungula
918 1319 1063 1380 campum.

174 1396 228 1457 Est
243 1399 351 1476 ingens
365 1399 495 1476 gelidum
509 1399 595 1455 lucus
610 1417 700 1474 propa
716 1397 837 1455 Caeritis
851 1416 976 1468 amnem,

173 1491 332 1568 Religione
347 1500 462 1568 patrum
476 1491 534 1549 tate
550 1510 660 1549 sacer:
684 1491 814 1566 undique
829 1491 920 1548 colles

175 1582 329 1643 Inclusbre
343 1585 421 1655 cavi,
438 1594 467 1642 et
482 1583 569 1662 nigra
582 1604 687 1641 nemus
701 1584 799 1641 abiete
814 1584 946 1660 cingunt.

175 1677 294 1735 Silvano
309 1677 387 1734 lama
401 1687 446 1735 est
459 1687 576 1735 veteres
590 1676 728 1734 sacrasse
742 1676 898 1752 Pelasgos,
1098 1675 1156 1732 600

175 1771 321 1828 Arvorum
336 1771 512 1847 pecorisque
527 1770 594 1840 deo,
611 1771 770 1845 lucumque
786 1771 934 1845 diemque,

176 1861 235 1929 Qui
250 1863 335 1940 primi
348 1864 423 1921 fines
437 1863 596 1938 aliquando
610 1861 742 1921 habubre
756 1863 890 1922 Latinos.

176 1954 265 2013 Haud
281 1958 384 2032 procul
398 1957 466 2014 hinc
479 1956 601 2014 Tarcho
615 1964 644 2013 et
658 1956 808 2032 Tyrrheni
822 1965 886 2013 tuta
899 1957 1040 2014 tenebant

177 2047 286 2108 Castra
299 2049 394 2116 locis;
419 2050 560 2125 celsoque
576 2050 670 2109 omnis
683 2049 720 2106 de
735 2050 811 2107 colle
827 2049 920 2108 videri

174 2139 241 2199 dam
256 2149 371 2218 poterat
385 2142 473 2219 legio,
491 2152 520 2200 et
535 2143 601 2199 latis
616 2143 756 2199 tendebat
771 2143 802 2200 in
816 2143 905 2200 arvis.
1099 2140 1156 2199 605

176 2232 245 2291 Huc
262 2243 347 2311 pater
361 2233 476 2292 AEneaa
489 2245 518 2293 et
533 2237 611 2293 bello
625 2237 704 2293 lecta
714 2237 856 2310 juventus

176 2327 356 2398 Succedunt,
372 2328 502 2403 fessique
517 2338 546 2386 et
560 2348 654 2404 equos
668 2341 698 2385 et
712 2348 839 2404 corpore
853 2336 968 2387 curant.

212 2422 253 2478 At
266 2420 371 2479 Venus
386 2421 523 2478 aetherios
537 2421 614 2478 inter
627 2421 685 2477 dea
697 2421 824 2478 candida
837 2422 952 2478 nimbos

176 2512 265 2572 Dona
277 2514 377 2571 serens
391 2515 516 2571 aderat:
540 2522 701 2589 natumque
716 2514 745 2569 in
760 2514 837 2570 valle
852 2511 979 2571 reductal

176 2605 215 2664 Ut
229 2609 331 2684 procul
347 2607 464 2685 egelido
478 2616 626 2665 secretum
645 2607 764 2664 flumine
778 2606 861 2676 vidit,
1100 2605 1159 2663 610

177 2700 300 2758 Talibus
315 2701 405 2758 affata
419 2710 465 2758 est
479 2700 575 2770 dictis,
592 2718 685 2775 seque
699 2700 803 2757 obtulit
818 2700 894 2757 ultro
909 2717 916 2755 :

176 2793 233 2863 En,
253 2794 386 2870 perlecta
399 2794 455 2850 mei
470 2791 616 2870 promissis
629 2793 766 2870 conjugis
781 2800 843 2849 arte

176 2886 323 2945 Munera:
346 2906 383 2945 ne
398 2907 464 2944 mox
479 2895 529 2944 aut
544 2886 722 2956 Laurentes,
738 2894 819 2956 nate,
836 2886 990 2961 superbos,

177 2982 236 3041 Aut
251 3002 352 3039 acram
366 2982 483 3039 dubites
496 2983 526 3039 in
542 2982 647 3057 proelia
661 3001 785 3057 poscere
800 2980 944 3040 Turnum.

175 3075 268 3148 Dixit,
285 3086 314 3134 et
330 3078 481 3153 amplexus
496 3078 556 3135 nati
572 3076 724 3152 Cytherea
740 3078 840 3153 petivit
856 3097 862 3134 :
1101 3076 1159 3135 615

176 3170 267 3227 Arma
281 3171 336 3228 sub
352 3169 479 3227 adversd
493 3171 588 3246 posuit
603 3169 749 3227 radiantia
764 3191 888 3246 quercu.

177 3262 240 3334 Ille,
257 3263 321 3320 dere
336 3262 420 3319 donis
434 3272 462 3320 et
476 3272 559 3320 tanto
573 3263 660 3322 laetus
680 3264 803 3334 honore,

176 3355 299 3432 Expleri
313 3356 426 3430 nequit,
444 3364 533 3431 atque
548 3356 651 3412 oculos
666 3375 719 3431 per
732 3356 850 3432 singula
866 3355 966 3425 volvit,

178 3447 374 3523 Miraturque,
391 3449 527 3523 interque
542 3467 648 3505 manus
662 3457 692 3504 et
705 3448 830 3505 brachie
845 3455 944 3504 versat

177 3540 355 3598 Terribilem
370 3541 469 3597 cristis
484 3541 602 3616 galeam
617 3540 811 3614 flammasque
826 3547 1002 3610 vomentem,
1102 3538 1161 3597 620

177 3633 401 3710 Fatiferumque
416 3653 528 3703 ensem,
546 3634 669 3690 loricam
683 3653 720 3690 cx
735 3652 794 3690 aere
809 3633 965 3710 rigentem,

179 3727 391 3803 Sanguineam,
408 3727 569 3803 ingentem,
585 3726 681 3801 qualis
697 3745 784 3801 quum
799 3727 911 3784 caerula
925 3727 1021 3785 nubea

179 3819 254 3876 Solis
268 3820 429 3877 inardescit
444 3820 535 3877 radiis
550 3820 699 3897 longdque
714 3819 843 3896 refulget
861 3838 867 3892 ;

179 3909 254 3969 Tum
270 3913 352 3970 leves
367 3932 473 3970 ocreas
487 3914 599 3971 electro
614 3932 747 3989 auroque
763 3921 894 3984 recocto,

179 4003 378 4081 Hastamque‚
396 4016 425 4064 et
440 4007 537 4083 clypei
551 4027 609 4064 non
626 4007 794 4064 enarrabile
809 4015 930 4066 textum.
1104 4007 1161 4065 aab

180 4098 244 4157 lllic
260 4120 309 4157 res
326 4098 428 4170 Italas,
443 4101 706 4176 Romanorumque
720 4101 895 4176 triumphos,

180 4191 272 4250 Haud
288 4201 387 4250 vatum
401 4193 533 4270 ignarus,
550 4195 726 4269 venturique
742 4193 854 4256 inscius
869 4193 935 4263 aevi,

179 4284 308 4343 Fecerat
323 4285 489 4363 ignipotens
503 4306 510 4355 ;
534 4286 594 4343 illic
608 4306 704 4363 genus
718 4306 803 4344 omne
820 4287 925 4344 futurae

181 4378 286 4456 Stirpis
301 4380 338 4435 ab
352 4380 494 4450 Ascanio,
512 4388 702 4456 pugnataque
717 4381 746 4436 in
761 4380 863 4437 ordine
878 4381 966 4438 bella.

179 4469 309 4530 Fecerat
324 4482 353 4530 et
365 4472 451 4529 viridi
464 4472 566 4530 statam
580 4473 725 4531 Mavortis
740 4474 769 4530 in
784 4483 868 4530 antro
1104 4472 1162 4530 600

180 4561 380 4623 Procubuisse
395 4565 494 4642 lupam
508 4585 516 4635 ;
539 4567 674 4645 geminos
688 4566 756 4624 huic
772 4568 865 4622 ubera
879 4565 992 4623 circum
