2692 5122
496 742 670 792 AErtmnos
690 743 760 792 ala.
775 745 821 792 lv.

168 884 276 944 Solane
291 879 437 964 perpetui
450 901 581 943 moerens
596 881 722 961 carpdre
739 882 865 961 juventa
880 883 892 942 2

166 979 233 1039 Nec
248 979 353 1036 dulces
367 987 463 1049 natos,
480 978 610 1036 Veneris
624 998 680 1036 nec
695 979 816 1055 praemia
830 977 912 1037 ndris
927 976 938 1036 i

168 1072 201 1133 ld
215 1073 348 1131 cinerem
362 1080 414 1129 aut
428 1070 537 1129 Manes
551 1070 649 1130 credis
664 1092 771 1130 curare
786 1073 918 1150 sepultos
934 1072 944 1129 l

166 1167 242 1227 Esto
257 1186 264 1223 :
288 1184 400 1244 aegram
415 1166 488 1224 nulli
504 1167 651 1243 quondam
666 1165 777 1225 flexere
791 1168 890 1226 mariti
906 1187 913 1238 ;
1114 1168 1153 1227 Sd

166 1261 236 1320 Non
253 1259 370 1337 Libyae,
387 1279 446 1318 non
461 1260 530 1318 ante
544 1260 628 1336 Tyro
644 1279 651 1329 3
676 1259 835 1338 despectus
849 1260 965 1334 Iarbas,

167 1354 379 1430 Ductoresque
394 1355 455 1425 alii,
473 1374 547 1429 quos
562 1352 671 1415 Africa
686 1361 768 1411 terra
782 1355 937 1433 triumphis

167 1446 263 1506 Dives
277 1447 329 1506 alit
345 1466 352 1504 z
375 1448 522 1526 placitone
538 1449 626 1506 etiam
642 1449 789 1525 pugnabis
806 1442 899 1507 amori
915 1448 926 1504 ?

168 1541 235 1601 Nee
249 1542 329 1599 venit
344 1542 372 1600 in
388 1550 526 1613 mentem,
544 1562 668 1619 quorum
682 1542 855 1600 consederis
874 1542 953 1601 arvis
969 1541 981 1598 l

167 1633 251 1694 Hinc
265 1624 393 1695 Gaetulae
408 1638 508 1707 urbes,
524 1656 619 1714 genus
634 1636 834 1712 insuperabile
849 1637 937 1707 bello,
1114 1636 1154 1695 40

168 1730 208 1788 Et
222 1730 359 1789 Numida
374 1729 491 1787 inlraeni
504 1729 637 1808 cingunt,
654 1737 683 1787 et
698 1729 845 1807 inhospita
860 1729 956 1806 Syrtis
956 1798 983 1828 ..ae
1011 1773 1014 1781 .

168 1823 251 1881 Hinc
265 1822 384 1880 deserta
399 1822 446 1880 siti
461 1823 555 1900 regio,
572 1823 691 1899 lateque
706 1822 838 1882 furentes

168 1913 298 1974 Barcaei.
342 1914 422 1982 Quid
437 1916 516 1973 bella
529 1916 611 1992 Tyro
625 1917 780 1995 surgentia
793 1917 900 1989 dicam,

167 2008 372 2085 Germanique
386 2010 481 2068 minas
497 2009 508 2066 ?

166 2100 225 2160 Dis
238 2101 376 2178 equidem
391 2103 561 2180 auspicibus
575 2122 653 2175 reor,
670 2112 699 2162 et
713 2105 832 2164 Junone
846 2102 991 2178 secundi,
1113 2105 1153 2163 45

10 2224 44 2291 ν
155 2193 240 2254 ’Huc
255 2214 375 2254 cursum
391 2195 498 2254 iliacas
513 2204 601 2255 vento
614 2199 746 2256 tenuisse
761 2199 890 2258 carinas.
905 2204 916 2215 '

168 2287 268 2356 Quam
281 2297 314 2348 tu
328 2291 442 2360 urbem,
458 2309 553 2362 soror,
569 2291 647 2348 hanc
661 2311 778 2363 cernes,
796 2312 861 2368 quae
876 2309 1003 2370 surgere
1016 2308 1113 2370 regna

169 2381 319 2462 Conjugio
331 2382 405 2442 tali!
447 2380 598 2441 Teucrtim
613 2384 821 2442 comitantibus
835 2384 936 2456 armis,

96 2546 122 2559 ..
166 2475 282 2537 Punica
296 2496 329 2534 se
345 2477 463 2552 quantis
478 2477 593 2533 attollet
606 2477 703 2554 gloria
716 2478 825 2535 rebus!

165 2562 215 2629 'nr
230 2570 316 2628 modd
332 2589 421 2647 posce
437 2570 509 2628 deos
523 2571 660 2638 veniam;
685 2528 1053 2646 sacrisqu'ilffmli†‘··
1113 2571 1154 2630 50

167 2661 294 2742 Indulge
308 2663 446 2741 hospitio,
463 2682 631 2740 causasque
647 2663 766 2721 innecte
782 2663 937 2733 morandi;

165 2755 248 2841 qu
267 2757 375 2835 pelago
390 2757 511 2815 desaevit
526 2756 631 2827 hiems,
646 2764 675 2813 et
690 2775 821 2832 aquosus
834 2756 938 2829 Orion,

102 2856 139 2923 ,Γ
167 2849 388 2927 Quassataeque
402 2858 493 2921 rates,
509 2850 578 2907 dum
593 2868 651 2907 non
665 2849 822 2907 tractabile
837 2850 955 2910 eoelum.

166 2942 228 3002 His
241 2943 327 3001 dictis
342 2943 495 3001 incensum
511 2943 639 3000 animum
654 2942 845 3000 inflammavit
859 2961 970 3015 amam,

166 3038 316 3115 Spemque
330 3036 409 3093 dedit
424 3035 520 3094 dubiae
535 3037 635 3107 menti,
652 3037 797 3113 solvitque
813 3036 964 3114 pudorem.
1111 3038 1151 3095 56

206 3129 356 3207 Principio
370 3129 494 3187 delubra
508 3129 628 3201 adeunt,
645 3150 807 3207 pacemque
829 3150 883 3208 per
897 3149 966 3189 aras

164 3223 336 3301 Exquiruat
353 3240 360 3279 ε
382 3230 512 3282 mactant
527 3224 621 3281 lectas
636 3223 672 3280 de
686 3243 768 3281 more
782 3223 919 3283 bidentes

164 3315 319 3396 legifera)
333 3314 451 3386 Cereri,
466 3314 653 3392 Phoeboque,
670 3316 806 3393 patrique
821 3316 914 3393 Lyaeo
930 3335 939 3386 ;

165 3402 279 3469 Jumni
293 3417 361 3467 ante
375 3427 489 3479 omnes,
506 3408 556 3465 cui
569 3408 668 3465 vincla
685 3408 800 3484 jugalia
815 3427 906 3466 curae.

166 3504 248 3582 lpse,
263 3511 369 3562 tenens
383 3502 489 3561 dextri
503 3512 647 3580 pateram,
665 3502 863 3579 pulcherrima
876 3501 956 3561 Dido
1114 3507 1153 3564 60

167 3596 334 3657 Candentis
347 3617 451 3655 vaccar
466 3596 563 3654 media
582 3596 658 3654 inter
672 3614 783 3652 cornua
798 3595 892 3653 fundit
906 3616 915 3661 ,ς
931 3611 937 3647 ι·

165 3693 228 3750 Aut
243 3698 311 3748 ante
325 3711 379 3749 ora
393 3687 480 3748 deirm
497 3690 622 3768 pingues
636 3690 780 3772 spatiatur
794 3689 831 3747 ad
846 3709 926 3763 aras,

166 3783 379 3861 Instauratque
394 3785 472 3842 diem
486 3783 580 3856 donis,
598 3784 802 3861 pecudumque
817 3784 944 3844 reclusis

165 3876 345 3937 Pectoribus
359 3880 485 3951 inhians,
502 3879 646 3956 spirantia
660 3880 786 3938 consulit
800 3890 878 3939 exta.
948 3872 951 3879 ’

166 3970 240 4030 Heu
255 3975 262 4029 l
284 3981 383 4031 vatum
398 3974 511 4052 ignarae
526 3976 661 4031 mentes!
684 3973 753 4049 quid
768 3982 837 4032 vota
852 3974 1009 4050 furentem,
1113 3978 1152 4033 65

169 4064 249 4133 Quid
264 4064 388 4124 delubra
404 4067 510 4143 juvant
527 4068 537 4123 ?
558 4075 603 4125 est
617 4066 714 4124 mollis
728 4067 846 4143 flemma
859 4069 1003 4128 medullas

168 4157 298 4231 Interea,
315 4167 344 4217 et
356 4159 478 4218 tacitum
494 4160 564 4218 vivit
578 4161 632 4217 sub
648 4168 768 4237 pectore
783 4162 899 4221 vulnus.

167 4250 272 4310 Uritur
286 4252 386 4310 infelix
400 4254 490 4323 Dido,
506 4251 628 4328 totique
643 4262 770 4331 vagatur

65 4384 75 4395 -
166 4343 249 4404 Urbe
265 4345 367 4404 furens
383 4365 390 4403 t
414 4348 509 4422 qualis
524 4344 663 4423 conjecti
676 4367 767 4405 cerva
781 4347 901 4427 sagittd,

168 4435 269 4506 Quam
284 4440 386 4516 procul
400 4441 549 4498 incautam
565 4459 687 4498 nemora
701 4442 776 4499 inter
790 4441 900 4500 Cresia
914 4441 976 4501 fixit
1083 4466 1084 4470 ¹
1115 4443 1154 4499 70

167 4531 275 4592 Pastor
289 4552 383 4612 agens
397 4534 474 4605 telis,
490 4533 635 4611 liquitque
652 4535 768 4593 volatile
783 4535 894 4595 serrum

448 4630 506 4684 la·
