2692 5122
559 469 736 529 anatona
755 466 887 521 tra'xr.

224 602 302 664 Tros
315 603 460 679 Italosve,
475 606 547 667 mibi
559 608 672 687 pariter
683 608 734 671 det
746 610 894 688 sangnine
908 627 1024 689 poan.

223 697 296 759 Pbst
310 716 370 777 ego
382 700 461 759 nube
474 699 553 760 card
566 701 740 761 miserandas
754 721 865 782 eorpus
878 710 909 763 et
922 720 1008 763 uma

223 790 388 869 Inspolieta
401 791 495 853 feram
506 794 632 866 tumulo,
648 795 813 872 patriaeque
829 812 981 873 reponam.

261 885 369 945 Dixit:
391 893 421 944 at
435 887 487 946 illa
500 887 583 945 leves
597 887 668 946 coeli
681 887 806 964 delapsa
819 908 873 966 per
887 907 979 947 auras
1152 889 1213 951 aab

224 978 368 1052 Insonuit,
384 980 471 1058 nigro
486 981 671 1039 circumdata
683 982 801 1040 turbine
816 1002 934 1060 eorpus.

262 1074 302 1131 At
316 1093 421 1132 manus
435 1074 550 1132 interca
563 1075 655 1132 muris
668 1076 801 1151 Trojana
816 1077 1002 1153 propinquat,

224 1165 405 1243 Etruscique
420 1166 523 1239 duces,
540 1168 731 1244 equitumque
747 1170 898 1227 exercitus
914 1170 1019 1240 omnis,

225 1258 389 1338 Compositi
402 1279 526 1318 numero
541 1261 569 1318 in
585 1270 705 1320 turmas.
748 1261 861 1319 Fremit
877 1282 998 1339 aequore
1012 1270 1073 1321 toto

223 1352 375 1413 Insultans
389 1354 520 1431 sonipes,
535 1363 564 1412 et
579 1355 689 1431 pressis
705 1364 816 1432 pugnat
831 1355 966 1426 habenis,
1152 1356 1212 1415 600

222 1445 296 1505 Huc
309 1447 454 1505 obversus
467 1455 497 1504 et
512 1448 570 1505 huc
587 1467 593 1504 :
617 1455 678 1506 tum
693 1448 752 1506 tart
767 1448 883 1507 ferreus
897 1449 991 1507 hastis

222 1538 337 1599 Horret
352 1558 436 1618 eger,
452 1541 609 1618 campique
624 1541 714 1599 armis
728 1542 903 1600 sublimibus
917 1542 1033 1601 ardent.

222 1632 361 1692 Necnon
376 1633 536 1711 Messapus
550 1635 666 1705 contra,
683 1634 858 1711 celeresque
878 1634 990 1706 Latini,

221 1725 262 1785 Et
276 1726 449 1785 cumfratre
464 1726 573 1798 Coras,
590 1735 619 1785 et
634 1727 757 1805 virginis
772 1727 821 1784 ala
835 1725 984 1800 Camilla,

220 1819 349 1879 Adversi
363 1839 468 1897 campo
482 1829 636 1898 apparent,
654 1821 815 1896 hastasque
829 1820 962 1879 reductis
1150 1818 1209 1879 606

221 1911 403 1971 Protendunt
416 1913 505 1991 longe
520 1913 641 1984 dextris,
658 1922 687 1971 et
702 1914 818 1990 spicula
833 1915 949 1971 vibrant
965 1932 972 1970 :

221 2005 434 2083 Adventuaque
450 2005 554 2077 viraim,
572 2007 764 2082 fremitusque
781 2007 911 2064 ardescit
926 2025 1080 2083 equorum.

221 2098 348 2177 Jamque
362 2100 440 2158 intra
456 2100 571 2175 jactum
585 2100 638 2158 teli
651 2119 828 2177 progressus
847 2108 971 2175 uterque

222 2193 420 2252 substiterat:
444 2193 542 2251 subito
557 2201 714 2269 erumpunt
733 2194 875 2263 clamore,
892 2192 1113 2268 frementesque

220 2285 423 2347 Exhortantur
436 2307 531 2363 equos
545 2306 553 2356 ;
577 2286 702 2344 sundunt
716 2286 803 2345 simul
817 2285 948 2363 undique
962 2286 1024 2344 tela
1149 2284 1210 2345 610

222 2379 350 2452 Crebra,
367 2380 443 2438 nivis
456 2380 513 2437 ritu
529 2399 536 2449 ;
561 2380 731 2456 coelumque
746 2380 895 2438 obtexitur
909 2377 1024 2438 umbra.

222 2473 371 2534 Continuo
387 2474 521 2532 adversis
534 2474 713 2550 Tyrrhenus
726 2481 756 2532 et
771 2493 843 2531 acer
856 2475 1011 2532 Aconteus
1110 2526 1113 2531 .

222 2569 349 2630 Connixi
364 2571 517 2627 incurrunt
532 2570 635 2640 hastis,
653 2570 797 2647 primique
812 2570 926 2628 ruinam

220 2662 302 2723 Dant
317 2663 413 2721 sonitu
429 2663 550 2740 ingenti,
568 2663 777 2740 perfractaque
795 2658 1070 2740 quadrupedantum

220 2757 349 2816 Pectora
364 2757 531 2833 pectoribus
546 2766 693 2834 rumpunt.
733 2757 891 2815 Excussus
905 2757 1059 2814 Aconteus
1148 2756 1207 2815 eto

220 2850 365 2909 Fulminis
380 2850 408 2908 in
423 2869 544 2921 morem,
561 2859 612 2908 ant
626 2860 772 2908 tormento
787 2850 925 2927 ponderis
940 2849 1010 2919 acti,

193 2934 195 2939 ’
221 2942 390 3021 Praecipitat
405 2943 504 3020 longe,
521 2952 548 3000 et
564 2944 653 3001 vitam
667 2944 809 3021 dispergit
825 2944 968 3000 inauras.

221 3035 376 3113 Extemplo
391 3038 514 3092 turbatae
530 3037 611 3094 acies
628 3055 635 3104 ;
660 3038 798 3113 versique
813 3035 915 3092 Latini

221 3129 371 3205 Rejiciunt
387 3148 515 3205 parmas,
532 3137 560 3185 et
575 3148 668 3205 equos
683 3130 719 3187 ad
735 3129 845 3186 moenia
859 3135 988 3186 vertunt.

220 3222 317 3282 Troes
331 3231 441 3300 agunt3
466 3223 604 3299 princeps
618 3232 731 3279 turmas
746 3222 857 3279 inducit
871 3221 991 3297 Asylas.
1148 3219 1208 3279 620

220 3316 347 3393 Jamque
362 3316 599 3394 propinquabant
614 3315 716 3392 portis,
733 3333 897 3391 rursusque
911 3313 1013 3373 Latini

222 3408 392 3469 Clamorem
405 3411 521 3479 tollunt,
538 3417 566 3465 et
581 3409 681 3467 mollia
695 3409 773 3466 colla
787 3408 953 3467 reflectunt.

221 3502 261 3561 Hi
277 3503 404 3581 fugiunt,
422 3503 597 3580 penithsque
612 3502 688 3560 datis
702 3503 872 3560 reseruntur
890 3501 1024 3560 habenis.

221 3595 327 3663 Qualis
345 3597 394 3654 ubi
408 3597 522 3654 alterno
537 3615 714 3673 procurrens
728 3596 847 3674 gurgite
862 3604 968 3672 pontus

220 3688 307 3749 Nunc
322 3690 381 3746 ruit
396 3690 432 3746 ad
446 3698 553 3760 terras,
570 3690 769 3767 scopulosque
784 3689 945 3766 superjacit
959 3688 1068 3746 undam
1146 3688 1206 3747 626

221 3782 376 3860 Spumeus,
393 3791 613 3858 extremamque
629 3784 694 3840 sinu
710 3782 857 3859 perfundit
872 3800 1014 3840 arenam:

220 3874 308 3934 Nunc
322 3876 442 3953 rapidus
456 3886 547 3947 retro,
564 3886 652 3953 atque
667 3886 740 3934 metu
756 3877 892 3934 revoluta
908 3879 1066 3936 resorbens
1106 3917 1108 3921 ,

221 3968 309 4040 Saxa,
326 3969 411 4047 fugit,
428 3971 568 4046 littusque
585 3970 660 4027 vado
675 3970 791 4027 labente
806 3970 955 4047 relinquit.
1105 3968 1107 3975 '

220 4060 269 4121 Bis
283 4065 378 4121 Tusci
392 4064 520 4123 Rutulos
535 4062 624 4141 egere
641 4065 676 4121 ad
691 4065 799 4122 moenia
815 4083 939 4133 versos3

219 4154 271 4216 Bis
285 4158 387 4233 rejecti
403 4159 492 4215 armis
506 4166 675 4234 respectant
690 4166 778 4235 terga
792 4166 937 4234 tegentes.
1145 4158 1204 4215 680

220 4248 324 4311 Tertia
338 4251 390 4309 sed
406 4261 559 4328 postquam
574 4251 729 4330 congressi
744 4251 773 4308 in
789 4251 904 4328 proelia,
920 4258 998 4311 totas
