2692 5122
515 783 690 861 AEMIDOS
709 785 779 833 ΜΒ.
793 785 825 835 Χ.

182 922 223 983 m
234 921 316 982 Juno
330 921 548 998 allacrymans:
573 922 703 995 Quidni,
720 924 798 1003 quod
811 942 887 983 voce
900 923 1048 1002 gravaris,

181 1015 285 1074 Mente
299 1015 388 1073 dares
403 1035 410 1084 ;
434 1025 524 1092 atque
537 1015 604 1075 haec
616 1016 721 1076 Turno
734 1016 876 1086 ratarita
889 1025 1021 1076 maneret
1035 1017 1046 1074 l

181 1107 271 1171 Nunc
285 1116 384 1167 manet
397 1109 543 1168 insontem
557 1111 659 1186 gravia
673 1111 779 1183 exitus,
796 1120 846 1169 aut
860 1130 918 1189 ego
933 1111 997 1169 veri

181 1201 270 1261 Vana
283 1202 371 1262 feror.
414 1202 504 1270 Quod
517 1212 549 1261 ut
562 1223 582 1261 o
595 1203 693 1280 potius
706 1203 861 1262 formidine
875 1202 953 1264 t'alsd

181 1293 306 1365 Ludar3
329 1306 359 1354 et
373 1297 403 1355 in
418 1297 523 1355 melius
535 1305 598 1368 tua,
615 1297 666 1373 qui
681 1305 776 1375 potes,
792 1317 862 1355 orsa
875 1297 1013 1357 reflectas
1027 1300 1036 1356 l

219 1387 300 1447 Haec
314 1389 365 1447 ubi
378 1390 458 1448 dicta
471 1390 562 1460 dedit,
579 1391 657 1449 coelo
671 1410 705 1449 se
720 1401 861 1468 protenus
875 1393 936 1449 alto
1032 1387 1036 1394 ’

181 1480 274 1553 Misit,
291 1501 386 1560 agens
399 1484 535 1555 hiemem,
554 1484 653 1543 nimbo
666 1484 823 1542 succincta
836 1503 889 1561 per
902 1503 993 1544 auras
1005 1503 1024 1542 ε.

180 1573 364 1652 Iliacamque
378 1576 473 1634 aciem
488 1585 517 1634 et
530 1576 697 1636 Laurentia
710 1585 812 1635 castra
825 1577 937 1654 petivit.

180 1667 258 1728 Tum
271 1668 329 1727 dea
342 1670 420 1727 nube
435 1669 512 1728 cavia
524 1678 644 1728 tenuem
658 1671 722 1730 sine
736 1670 849 1728 viribus
862 1671 1000 1729 umbram

179 1759 216 1820 In
229 1761 336 1820 faciem
349 1762 461 1820 AEneae
477 1762 556 1839 (visu
571 1764 706 1822 mirabile
720 1770 882 1822 monstrum
896 1764 918 1842 l)

179 1852 342 1912 Dardaniis
357 1863 443 1913 ornat
456 1856 524 1915 telis
538 1876 546 1926 ;
571 1857 769 1935 clypeumque
778 1857 929 1932 jubasque

179 1943 281 2005 Divini
295 1947 446 2007 assimulat
461 1949 567 2026 capitis
580 1969 588 2018 ;
613 1949 663 2007 dat
677 1948 779 2008 inania
792 1951 907 2018 verba;

177 2036 240 2099 Dat
253 2040 318 2098 sine
334 2051 431 2099 mente
445 2062 561 2113 sonum,
577 2061 761 2120 gressusque
776 2042 891 2120 effingit
905 2042 1023 2103 euntis:

178 2132 277 2195 Morte
293 2135 374 2195 obiit
389 2138 588 2213 quales,sama
601 2147 646 2196 est
660 2138 785 2197 volitare
800 2137 924 2214 figuras,

179 2230 238 2288 Aut
252 2250 320 2306 quae
337 2231 447 2308 sopitos
460 2231 603 2290 deludunt
616 2231 732 2290 somnia
746 2251 862 2290 sensus.

177 2325 218 2384 At
231 2326 342 2403 primas
357 2327 426 2384 laeta
440 2334 508 2384 ante
524 2327 607 2384 acies
620 2327 749 2384 exsultat
762 2327 872 2404 imago,

178 2415 339 2495 irritatque
354 2421 449 2477 virum
463 2420 541 2495 telis,
558 2429 587 2477 ot
602 2438 676 2476 voce
690 2419 821 2477 lacessit.

178 2509 272 2572 Instat
287 2513 336 2570 cui
350 2511 482 2584 Turnus,
498 2513 731 2588 stridentemque
745 2512 861 2570 eminus
874 2510 991 2571 hastam

178 2602 309 2682 Conjicit
326 2626 333 2675 ;
357 2607 407 2663 illa
420 2607 490 2664 dato
504 2606 592 2663 vertit
606 2605 734 2684 vestigia
752 2613 847 2683 tergo.

177 2696 254 2756 Tum
269 2699 340 2756 verb
355 2700 478 2757 AEnean
494 2718 633 2757 aversum
647 2707 679 2756 ut
693 2698 802 2756 cedere
815 2698 938 2757 Turnus

178 2788 323 2862 Credidit,
341 2801 430 2867 atque
445 2793 543 2850 animo
557 2811 640 2869 spem
654 2791 791 2849 turbidus
805 2791 902 2850 hausit
917 2791 1057 2852 inanem:

178 2883 247 2952 Quo
262 2885 352 2963 fugis,
368 2887 497 2944 AEnea?
519 2888 664 2945 thalamos
678 2905 716 2944 ne
732 2886 836 2944 desere
852 2895 976 2964 pactos:

176 2975 248 3037 Hae
262 2978 381 3036 dabitur
394 2979 499 3038 dextri
511 2981 601 3038 tellus
616 2979 740 3055 quoesita
753 2998 808 3057 per
820 2978 924 3039 undas.

177 3069 266 3129 Talia
280 3072 447 3131 vociferans
460 3074 605 3150 sequitur,
622 3073 816 3149 strictumque
830 3080 971 3134 coruscat

177 3163 365 3236 Mucronem,
382 3184 437 3224 nec
453 3167 531 3224 serre
546 3166 625 3224 videt
639 3185 696 3224 sua
709 3167 821 3245 gaudia
833 3175 946 3226 ventos.

214 3257 307 3316 Forte
323 3259 405 3330 ratis,
421 3259 495 3317 celsi
509 3260 669 3335 conjuncta
683 3259 835 3336 crepidine
849 3259 925 3332 saxi,

177 3348 327 3428 Expositis
341 3355 438 3409 stabat
452 3353 542 3410 scolis
556 3361 586 3410 et
602 3361 690 3429 ponte
705 3360 819 3429 parato,

148 3488 152 3493 -
178 3441 249 3510 0μᾶ
262 3465 316 3502 rex
330 3445 464 3505 Clusinis
478 3445 621 3503 advectus
634 3444 757 3503 Osinius
771 3444 840 3502 oris.

176 3534 249 3595 Huc
264 3557 331 3596 sese
345 3538 461 3615 trepida
476 3539 581 3596 AEneae
595 3536 736 3613 fugientis
750 3537 848 3614 imago

178 3627 308 3706 Conjicit
322 3632 352 3690 in
366 3633 498 3689 latebras
513 3650 521 3700 ;
546 3649 603 3688 nec
617 3630 738 3688 Turnus
752 3629 873 3706 segnior
887 3628 987 3703 instat,

177 3721 406 3801 Exsuperatque
422 3744 531 3794 moras,
548 3731 578 3781 et
592 3731 697 3800 pontes
711 3722 839 3781 transilit
853 3723 938 3782 altos.

175 3813 234 3875 Vix
248 3837 366 3894 proram
381 3819 532 3895 attigerat,
550 3817 660 3895 rumpit
672 3816 811 3875 Saturnia
824 3816 934 3889 sunem,

175 3909 378 3985 Avulsatnque
393 3911 469 3988 rapit
483 3912 619 3970 revoluta
632 3930 686 3989 per
699 3930 822 3987 oequora
835 3929 950 3969 navem.

175 3999 263 4060 Illum
278 4012 375 4061 autern
388 4006 508 4062 AEneas
522 4006 675 4063 absentem
689 4004 719 4062 in
733 4004 839 4081 proelia
853 4004 947 4082 poscit
963 4023 972 4076 ς

175 4096 274 4157 Obvia
287 4099 379 4158 multa
393 4096 488 4158 viriim
502 4101 625 4159 demittit
640 4120 768 4177 corpora
783 4099 878 4161 morti.

213 4190 293 4249 Tum
308 4193 382 4250 levis
395 4192 473 4252 baud
489 4194 568 4252 ultrd
581 4194 712 4253 latebras
722 4194 786 4269 jam
801 4193 908 4270 quierit
922 4193 1031 4273 imago,

175 4283 235 4343 Sed
249 4287 375 4344 sublime
389 4288 493 4346 volans
507 4288 580 4345 nubi
593 4306 626 4346 se
641 4287 798 4347 immiscuit
813 4296 885 4347 atres
900 4307 906 4346 :

174 4376 278 4446 Quum
291 4381 427 4438 Turnum
440 4381 537 4439 medio
552 4381 667 4439 interea
681 4382 737 4441 fert
751 4402 872 4458 aequore
887 4383 982 4442 turbo.

174 4470 313 4550 Respicit
328 4474 449 4551 ignarus
463 4495 574 4546 rerum,
590 4475 786 4552 ingratusque
800 4475 907 4535 salutis
920 4492 929 4544 ;

174 4563 216 4623 Et
229 4566 366 4644 duplices
379 4587 448 4626 cum
459 4586 533 4628 voce
547 4588 654 4628 manus
668 4569 705 4627 ad
720 4568 820 4628 sidera
832 4568 925 4628 tendit
938 4587 945 4625 :
