2692 5122
203 406 249 462 ss
489 400 515 447 1³.
535 399 700 447 vrnotnu
720 399 893 450 HABONI-⁹)

203 536 232 596 N
234 535 369 598 escivbre
382 537 520 609 hiemem,
535 537 616 599 testi
629 557 718 615 quum
733 539 855 598 ardente
869 540 1001 599 viderant

203 631 371 689 Scintillam
385 633 484 689 oleum
497 642 527 690 et
542 640 643 709 putres
657 651 853 691 concrescere
869 633 986 711 fungos.

241 724 270 783 N
272 744 308 782 ec
322 724 417 783 minias
431 744 469 782 ex
486 726 573 783 imbri
587 726 666 783 soles
680 734 709 783 et
724 741 828 802 aperta
841 744 950 784 serena

200 817 390 894 Prospicere,
406 827 436 876 et
450 819 541 876 certis
559 818 669 894 poteris
684 837 867 895 cognoscere
882 819 999 898 signis:

180 944 182 949 ·
201 911 280 970 Nam
299 931 396 987 neque
410 920 472 970 tum
486 912 579 969 stellis
593 912 675 970 acies
689 914 796 969 obtusa
809 912 935 983 videtur,

201 1003 268 1063 Neo
282 1004 380 1062 fratris
396 1004 487 1062 radiis
500 1005 628 1062 obnoxia
642 1024 767 1081 surgere
780 1005 878 1076 Luna,

199 1097 319 1155 Tenuis
336 1117 393 1155 neo
407 1098 482 1155 lanae
497 1117 551 1174 per
564 1097 673 1156 coelum
687 1083 799 1155 vellera
813 1098 884 1156 ferri
897 1117 905 1167 ;

200 1189 229 1248 N
232 1210 269 1247 on
283 1190 415 1267 tepidum
428 1190 466 1247 ad
479 1191 571 1248 solem
587 1209 699 1268 pennas
714 1191 743 1248 in
757 1192 858 1249 littore¹
869 1191 1001 1268 pandunt

199 1284 328 1345 Dileotae
342 1284 462 1342 Thetidi
475 1285 617 1362 alcyones
632 1304 640 1353 ;
664 1305 787 1344 nonore
802 1287 914 1344 solutos

200 1376 345 1435 Immundi
359 1376 519 1437 meminere
533 1398 603 1436 sues
619 1379 737 1454 jactare
751 1380 904 1456 maniplos.

199 1471 239 1528 At
253 1471 370 1529 nebulae
384 1471 481 1549 magis
494 1473 552 1530 ima
566 1480 678 1548 petunt,
694 1491 859 1547 campoque
874 1473 1049 1530 recumbunt
1064 1490 1074 1541 ;

200 1564 278 1622 Solis
292 1573 321 1621 et
335 1583 477 1622 occasum
489 1584 613 1624 servans
627 1564 663 1621 de
678 1564 805 1621 eulmine
820 1583 933 1621 summo

199 1656 410 1733 Nequidquam
424 1678 511 1716 seros
522 1666 642 1715 exercet
656 1664 906 1715 noctua-cantus:

199 1751 332 1828 Apparet
349 1750 459 1827 liquido
473 1751 606 1810 sublimis
621 1751 649 1808 in
664 1752 735 1808 abre
750 1750 853 1821 Nisus,

199 1842 240 1902 Et
255 1863 308 1920 pro
323 1863 470 1921 purpureo
485 1863 589 1922 poenas
603 1843 653 1900 dat
668 1843 768 1919 Scylla
783 1843 891 1919 capillo
907 1862 915 1912 ;

200 1934 399 2012 Quicumque
414 1937 468 1994 illa
479 1937 575 1995 levem
590 1936 707 2014 fugiens
720 1945 803 1994 secat
821 1938 933 1994 aetbera
947 1937 1061 2013 pannis,

198 2030 283 2090 Eece
298 2032 444 2102 inimicus,
460 2040 555 2100 atrox,
569 2048 676 2108 magno
685 2030 816 2108 ,stridore
831 2049 883 2107 per
897 2050 987 2089 auras

199 2122 371 2200 Insequitur
385 2125 478 2183 Nisus
495 2143 503 2192 ;
527 2122 588 2199 qud
600 2141 633 2180 se
648 2123 703 2180 sert
724 2122 817 2180 Nisus
832 2123 869 2181 ad
884 2143 985 2195 auras,

198 2216 256 2275 Illa
270 2219 366 2274 levem
379 2217 497 2295 lugiens
511 2217 617 2293 raptim
631 2225 715 2273 secat
730 2217 843 2273 aetbera
858 2217 962 2292 pennis
977 2235 986 2273 τ

198 2307 279 2367 Tum
290 2309 417 2384 liquidas
432 2309 514 2366 corvi
528 2327 632 2384 presso
645 2315 692 2365 ter
705 2318 825 2386 gutture
839 2328 929 2367 voces

199 2399 261 2458 Aut
277 2409 382 2475 quater
396 2401 577 2477 ingeminant
593 2419 601 2468 3
624 2409 654 2457 et
667 2401 746 2478 saepd
761 2402 909 2460 cubilibus
923 2401 1000 2473 altis,

199 2493 312 2553 Nescio
328 2491 389 2569 qub
401 2501 510 2569 praeter
523 2493 642 2550 solitum
654 2493 809 2551 dulcedine
824 2495 894 2566 laeti,

200 2585 283 2644 Inter
297 2606 329 2645 se
344 2587 420 2644 soliis
434 2586 590 2662 strepitant
604 2605 612 2655 ;
631 2587 727 2662 juvat,
743 2587 885 2645 imbribus
899 2588 984 2660 actis,

198 2678 378 2757 Progeniem
393 2697 516 2756 parvam
528 2678 691 2755 dulcesque
706 2680 837 2738 revisere
852 2680 945 2739 nidos.

238 2772 332 2831 Haud
346 2773 483 2849 equidem
498 2773 598 2843 credo,
616 2774 686 2849 quia
699 2774 737 2831 sit
751 2772 888 2831 divinitus
902 2774 959 2833 illis

198 2864 367 2944 Ingenium,
384 2874 434 2923 aut
449 2886 548 2923 rerum
563 2866 624 2925 fato
639 2867 794 2943 prudentia
810 2866 923 2942 major:

198 2958 322 3029 Verbm,
339 2959 390 3017 ubi
403 2968 563 3037 tempestas
577 2968 606 3016 et
621 2959 690 3017 ooeli
703 2959 819 3017 mobilis
832 2960 938 3018 humor

198 3050 356 3111 Mutavere
372 3053 444 3123 vias,
461 3060 490 3110 et
503 3052 622 3129 Jupiter
636 3051 742 3109 uvidus
758 3053 867 3110 austris

197 3144 324 3216 Denset‚
341 3154 425 3203 erant
440 3164 506 3221 quae
521 3165 591 3203 rara
605 3143 702 3215 modb,
719 3153 759 3215 et,
777 3165 843 3221 quae
857 3146 962 3218 densa,
978 3146 1104 3218 relaxat,

198 3236 364 3296 liertuntur
377 3239 494 3314 species
508 3238 682 3307 animorum,
698 3249 727 3294 et
747 3247 868 3314 pectora
882 3245 979 3297 motus

199 3329 227 3389 N
231 3350 288 3388 unc
303 3330 387 3401 alios,
404 3330 489 3407 alios,
505 3329 575 3387 dum
589 3329 691 3387 nubila
704 3343 810 3387 ventus
825 3333 944 3408 agebat,

200 3422 401 3501 Concipiunt:
424 3422 492 3480 hinc
508 3421 556 3479 ille
571 3423 668 3479 avium
683 3431 847 3480 concentus
861 3425 890 3480 in
903 3423 995 3502 egris,

198 3515 239 3574 Et
253 3516 328 3574 laetae
343 3516 483 3593 pecudes,
500 3524 530 3573 et
543 3524 667 3573 ovantes
680 3523 799 3592 guttura
814 3517 905 3575 corvi.

237 3609 269 3666 Si
283 3608 353 3667 verb
369 3610 461 3666 solem
475 3608 512 3666 ad
530 3609 665 3686 rapidum
679 3609 823 3684 lunasque
837 3618 998 3685 sequentes

198 3701 309 3760 Ordine
325 3703 477 3779 respicies,
494 3721 644 3777 nunquam
657 3710 687 3759 te
701 3702 831 3760 crastina
847 3702 927 3760 fallet

198 3793 296 3865 Hora,
312 3815 409 3871 neque
423 3795 537 3853 insidiis
550 3795 646 3852 noctis
658 3793 778 3872 capiere
792 3814 917 3854 serenae.

197 3886 285 3945 Luna
300 3897 483 3947 revertentes
499 3908 588 3964 quum
603 3887 726 3965 primirm
740 3888 851 3966 colligit
866 3888 961 3965 ignes,

200 3979 232 4038 Si
249 3981 366 4059 nigrum
379 3983 507 4040 obscuro
521 3981 738 4057 comprenderit
752 3983 824 4039 aera
838 4000 941 4051 cornu,

197 4071 348 4130 Maximus
366 4074 505 4151 agricolis
519 4074 686 4152 pelagoque
700 4073 854 4150 parabitur
867 4073 969 4133 imber.

199 4167 249 4239 At,
264 4167 291 4226 si
304 4167 470 4245 virgineum
483 4167 638 4226 suffuderit
652 4185 703 4226 ore
715 4166 863 4236 ruborem,

1122 3239 1184 3297 aab

1123 3703 1182 3761 435

1122 4170 1183 4228 ⁴³⁰
