<?xml version="1.0" encoding="UTF-8"?>
<!DOCTYPE html PUBLIC "-//W3C//DTD XHTML 1.0 Transitional//EN"
    "http://www.w3.org/TR/xhtml1/DTD/xhtml1-transitional.dtd">
<html xmlns="http://www.w3.org/1999/xhtml" xml:lang="en" lang="en">
 <head>
  <title>
</title>
<meta http-equiv="Content-Type" content="text/html;charset=utf-8" />
  <meta name='ocr-system' content='tesseract 3.04.00' />
  <meta name='ocr-capabilities' content='ocr_page ocr_carea ocr_par ocr_line ocrx_word'/>
</head>
<body>
  <div class='ocr_page' id='page_1' title='image "./pvirgiliimaroni00bowegoog/pvirgiliimaroni00bowegoog_0182.png"; bbox 0 0 2692 5122; ppageno 0'>
   <div class='ocr_carea' id='block_1_1' title="bbox 499 766 807 815">
    <p class='ocr_par' dir='ltr' id='par_1_1' title="bbox 499 766 807 815">
     <span class='ocr_line' id='line_1_1' title="bbox 499 766 807 815; baseline -0.003 0"><span class='ocrx_word' id='word_1_1' title='bbox 499 766 673 815; x_wconf 73' lang='lat' dir='ltr'><strong>AEMEIDOS</strong></span> <span class='ocrx_word' id='word_1_2' title='bbox 692 766 763 815; x_wconf 73' lang='grc' dir='ltr'><strong>ΜΒ.</strong></span> <span class='ocrx_word' id='word_1_3' title='bbox 778 767 807 814; x_wconf 82' lang='lat' dir='ltr'><strong>V.</strong></span> 
     </span>
    </p>
   </div>
   <div class='ocr_carea' id='block_1_2' title="bbox 62 905 1251 4525">
    <p class='ocr_par' dir='ltr' id='par_1_2' title="bbox 62 905 1251 4525">
     <span class='ocr_line' id='line_1_2' title="bbox 158 905 923 983; baseline -0.003 -16"><span class='ocrx_word' id='word_1_4' title='bbox 158 907 246 968; x_wconf 86' lang='lat' dir='ltr'><strong>Nunc</strong></span> <span class='ocrx_word' id='word_1_5' title='bbox 260 906 387 978; x_wconf 88' lang='lat' dir='ltr'><strong>animos,</strong></span> <span class='ocrx_word' id='word_1_6' title='bbox 405 905 510 982; x_wconf 88' lang='lat' dir='ltr'><strong>quibus</strong></span> <span class='ocrx_word' id='word_1_7' title='bbox 529 906 560 963; x_wconf 88' lang='lat' dir='ltr'><strong>in</strong></span> <span class='ocrx_word' id='word_1_8' title='bbox 574 905 702 964; x_wconf 77' lang='lat' dir='ltr'><strong>Getulis</strong></span> <span class='ocrx_word' id='word_1_9' title='bbox 715 907 853 983; x_wconf 74' lang='lat' dir='ltr'><strong>Syrtibus</strong></span> <span class='ocrx_word' id='word_1_10' title='bbox 866 906 923 979; x_wconf 88' lang='lat' dir='ltr'><strong>usi,</strong></span> 
     </span>
     <span class='ocr_line' id='line_1_3' title="bbox 157 998 891 1076; baseline 0.001 -19"><span class='ocrx_word' id='word_1_11' title='bbox 157 1000 302 1076; x_wconf 88' lang='lat' dir='ltr'><strong>lonioque</strong></span> <span class='ocrx_word' id='word_1_12' title='bbox 317 999 403 1070; x_wconf 84' lang='lat' dir='ltr'><strong>muri,</strong></span> <span class='ocrx_word' id='word_1_13' title='bbox 417 998 588 1074; x_wconf 68' lang='lat' dir='ltr'><strong>Maleaeque</strong></span> <span class='ocrx_word' id='word_1_14' title='bbox 602 1000 781 1075; x_wconf 75' lang='lat' dir='ltr'>sequacibus</span> <span class='ocrx_word' id='word_1_15' title='bbox 796 999 891 1059; x_wconf 85' lang='lat' dir='ltr'><strong>undis.</strong></span> 
     </span>
     <span class='ocr_line' id='line_1_4' title="bbox 156 1091 1068 1170; baseline 0.003 -19"><span class='ocrx_word' id='word_1_16' title='bbox 156 1091 226 1152; x_wconf 88' lang='lat' dir='ltr'><strong>Non</strong></span> <span class='ocrx_word' id='word_1_17' title='bbox 242 1093 306 1168; x_wconf 87' lang='lat' dir='ltr'><strong>jam</strong></span> <span class='ocrx_word' id='word_1_18' title='bbox 326 1092 420 1170; x_wconf 85' lang='lat' dir='ltr'><strong>prims</strong></span> <span class='ocrx_word' id='word_1_19' title='bbox 434 1100 502 1170; x_wconf 89' lang='lat' dir='ltr'><strong>peto</strong></span> <span class='ocrx_word' id='word_1_20' title='bbox 515 1091 702 1163; x_wconf 77' lang='lat' dir='ltr'><strong>Mnestheus,</strong></span> <span class='ocrx_word' id='word_1_21' title='bbox 718 1111 816 1168; x_wconf 91' lang='lat' dir='ltr'><strong>neque</strong></span> <span class='ocrx_word' id='word_1_22' title='bbox 831 1094 951 1151; x_wconf 82' lang='lat' dir='ltr'><strong>vincere</strong></span> <span class='ocrx_word' id='word_1_23' title='bbox 964 1102 1068 1154; x_wconf 88' lang='lat' dir='ltr'><strong>certo:</strong></span> 
     </span>
     <span class='ocr_line' id='line_1_5' title="bbox 157 1183 1251 1265; baseline 0.009 -24"><span class='ocrx_word' id='word_1_24' title='bbox 157 1183 340 1261; x_wconf 72' lang='lat' dir='ltr'><strong>Quanquam</strong></span> <span class='ocrx_word' id='word_1_25' title='bbox 355 1188 394 1243; x_wconf 90' lang='lat' dir='ltr'><strong>o!</strong></span> <span class='ocrx_word' id='word_1_26' title='bbox 415 1185 468 1243; x_wconf 94' lang='lat' dir='ltr'><strong>sed</strong></span> <span class='ocrx_word' id='word_1_27' title='bbox 483 1194 634 1262; x_wconf 88' lang='lat' dir='ltr'><strong>superent,</strong></span> <span class='ocrx_word' id='word_1_28' title='bbox 652 1187 758 1262; x_wconf 91' lang='lat' dir='ltr'><strong>quibus</strong></span> <span class='ocrx_word' id='word_1_29' title='bbox 772 1187 839 1257; x_wconf 89' lang='lat' dir='ltr'><strong>hoc,</strong></span> <span class='ocrx_word' id='word_1_30' title='bbox 856 1187 1006 1265; x_wconf 80' lang='lat' dir='ltr'><strong>Neptune,</strong></span> <span class='ocrx_word' id='word_1_31' title='bbox 1022 1189 1139 1253; x_wconf 85' lang='lat' dir='ltr'><strong>dedisti.</strong></span> <span class='ocrx_word' id='word_1_32' title='bbox 1245 1220 1251 1236; x_wconf 72' lang='lat'><strong><em>¹</em></strong></span> 
     </span>
     <span class='ocr_line' id='line_1_6' title="bbox 157 1277 1141 1356; baseline 0.01 -22"><span class='ocrx_word' id='word_1_33' title='bbox 157 1277 316 1336; x_wconf 84' lang='lat' dir='ltr'><strong>Extremus</strong></span> <span class='ocrx_word' id='word_1_34' title='bbox 330 1278 440 1356; x_wconf 87' lang='lat' dir='ltr'><strong>pudeat</strong></span> <span class='ocrx_word' id='word_1_35' title='bbox 454 1278 599 1337; x_wconf 89' lang='lat' dir='ltr'><strong>rediisse:</strong></span> <span class='ocrx_word' id='word_1_36' title='bbox 622 1279 679 1338; x_wconf 91' lang='lat' dir='ltr'><strong>hoc</strong></span> <span class='ocrx_word' id='word_1_37' title='bbox 693 1279 812 1351; x_wconf 85' lang='lat' dir='ltr'><strong>vincite,</strong></span> <span class='ocrx_word' id='word_1_38' title='bbox 828 1280 920 1353; x_wconf 85' lang='lat' dir='ltr'><strong>cives,</strong></span> <span class='ocrx_word' id='word_1_39' title='bbox 1087 1284 1141 1344; x_wconf 77' lang='lat'><strong>196</strong></span> 
     </span>
     <span class='ocr_line' id='line_1_7' title="bbox 157 1371 886 1449; baseline 0.004 -20"><span class='ocrx_word' id='word_1_40' title='bbox 157 1371 197 1429; x_wconf 84' lang='lat' dir='ltr'><strong>Et</strong></span> <span class='ocrx_word' id='word_1_41' title='bbox 216 1372 370 1449; x_wconf 88' lang='lat' dir='ltr'><strong>prohibete</strong></span> <span class='ocrx_word' id='word_1_42' title='bbox 384 1373 478 1431; x_wconf 85' lang='lat' dir='ltr'><strong>nefas.</strong></span> <span class='ocrx_word' id='word_1_43' title='bbox 521 1373 581 1432; x_wconf 88' lang='lat' dir='ltr'>Olli</span> <span class='ocrx_word' id='word_1_44' title='bbox 596 1374 758 1432; x_wconf 78' lang='lat' dir='ltr'><strong>certamine</strong></span> <span class='ocrx_word' id='word_1_45' title='bbox 771 1394 886 1432; x_wconf 89' lang='lat' dir='ltr'><strong>summo</strong></span> 
     </span>
     <span class='ocr_line' id='line_1_8' title="bbox 157 1456 956 1545; baseline 0.008 -24"><span class='ocrx_word' id='word_1_46' title='bbox 157 1463 359 1523; x_wconf 83' lang='lat' dir='ltr'><strong>Procumbunt</strong></span> <span class='ocrx_word' id='word_1_47' title='bbox 376 1485 384 1535; x_wconf 75' lang='grc' dir='ltr'><strong>ς</strong></span> <span class='ocrx_word' id='word_1_48' title='bbox 400 1456 498 1524; x_wconf 75' lang='lat' dir='ltr'><strong>&#39;vastis</strong></span> <span class='ocrx_word' id='word_1_49' title='bbox 512 1467 611 1524; x_wconf 89' lang='lat' dir='ltr'><strong>tremit</strong></span> <span class='ocrx_word' id='word_1_50' title='bbox 625 1467 732 1525; x_wconf 89' lang='lat' dir='ltr'><strong>ictibus</strong></span> <span class='ocrx_word' id='word_1_51' title='bbox 747 1487 827 1526; x_wconf 83' lang='lat' dir='ltr'><strong>aerea</strong></span> <span class='ocrx_word' id='word_1_52' title='bbox 840 1468 956 1545; x_wconf 84' lang='lat' dir='ltr'><strong>puppis,</strong></span> 
     </span>
     <span class='ocr_line' id='line_1_9' title="bbox 158 1559 999 1637; baseline 0.008 -21"><span class='ocrx_word' id='word_1_53' title='bbox 158 1559 406 1637; x_wconf 85' lang='lat' dir='ltr'><strong>Subtrahiturque</strong></span> <span class='ocrx_word' id='word_1_54' title='bbox 421 1561 516 1619; x_wconf 88' lang='lat' dir='ltr'><strong>solum</strong></span> <span class='ocrx_word' id='word_1_55' title='bbox 530 1581 537 1618; x_wconf 74' lang='grc' dir='ltr'>ε</span> <span class='ocrx_word' id='word_1_56' title='bbox 560 1570 622 1620; x_wconf 92' lang='lat' dir='ltr'><strong>tum</strong></span> <span class='ocrx_word' id='word_1_57' title='bbox 636 1565 743 1621; x_wconf 88' lang='lat' dir='ltr'><strong>creber</strong></span> <span class='ocrx_word' id='word_1_58' title='bbox 756 1563 903 1621; x_wconf 76' lang='lat' dir='ltr'><strong>anhelitus</strong></span> <span class='ocrx_word' id='word_1_59' title='bbox 917 1573 999 1623; x_wconf 81' lang='lat' dir='ltr'><strong>ortus</strong></span> 
     </span>
     <span class='ocr_line' id='line_1_10' title="bbox 156 1649 1143 1732; baseline 0.009 -23"><span class='ocrx_word' id='word_1_60' title='bbox 156 1649 312 1728; x_wconf 79' lang='lat' dir='ltr'><strong>Aridaque</strong></span> <span class='ocrx_word' id='word_1_61' title='bbox 327 1672 380 1713; x_wconf 85' lang='lat' dir='ltr'><strong>ora</strong></span> <span class='ocrx_word' id='word_1_62' title='bbox 395 1655 488 1731; x_wconf 90' lang='lat' dir='ltr'><strong>quatit</strong></span> <span class='ocrx_word' id='word_1_63' title='bbox 506 1674 513 1724; x_wconf 88' lang='lat'>3</span> <span class='ocrx_word' id='word_1_64' title='bbox 537 1656 628 1714; x_wconf 89' lang='lat' dir='ltr'><strong>sudor</strong></span> <span class='ocrx_word' id='word_1_65' title='bbox 641 1656 704 1714; x_wconf 89' lang='lat' dir='ltr'><strong>fluit</strong></span> <span class='ocrx_word' id='word_1_66' title='bbox 719 1655 848 1732; x_wconf 90' lang='lat' dir='ltr'><strong>undique</strong></span> <span class='ocrx_word' id='word_1_67' title='bbox 863 1657 943 1716; x_wconf 77' lang='lat' dir='ltr'><strong>rivis,</strong></span> <span class='ocrx_word' id='word_1_68' title='bbox 1083 1658 1143 1718; x_wconf 85' lang='grc'><strong>000</strong></span> 
     </span>
     <span class='ocr_line' id='line_1_11' title="bbox 195 1745 896 1825; baseline 0.007 -23"><span class='ocrx_word' id='word_1_69' title='bbox 195 1745 304 1803; x_wconf 85' lang='lat' dir='ltr'><strong>Attulit</strong></span> <span class='ocrx_word' id='word_1_70' title='bbox 318 1746 380 1823; x_wconf 89' lang='lat' dir='ltr'><strong>ipse</strong></span> <span class='ocrx_word' id='word_1_71' title='bbox 396 1748 468 1805; x_wconf 84' lang='lat' dir='ltr'><strong>viris</strong></span> <span class='ocrx_word' id='word_1_72' title='bbox 481 1756 613 1825; x_wconf 88' lang='lat' dir='ltr'><strong>optatum</strong></span> <span class='ocrx_word' id='word_1_73' title='bbox 627 1768 716 1807; x_wconf 86' lang='lat' dir='ltr'><strong>cesus</strong></span> <span class='ocrx_word' id='word_1_74' title='bbox 730 1749 872 1807; x_wconf 90' lang='lat' dir='ltr'><strong>honorem</strong></span> <span class='ocrx_word' id='word_1_75' title='bbox 888 1768 896 1806; x_wconf 78' lang='grc' dir='ltr'><strong><em>τ</em></strong></span> 
     </span>
     <span class='ocr_line' id='line_1_12' title="bbox 157 1837 1052 1922; baseline 0.008 -28"><span class='ocrx_word' id='word_1_76' title='bbox 157 1837 307 1913; x_wconf 84' lang='lat' dir='ltr'><strong>Namque,</strong></span> <span class='ocrx_word' id='word_1_77' title='bbox 323 1838 425 1897; x_wconf 89' lang='lat' dir='ltr'><strong>furens</strong></span> <span class='ocrx_word' id='word_1_78' title='bbox 439 1841 538 1912; x_wconf 83' lang='lat' dir='ltr'><strong>animi,</strong></span> <span class='ocrx_word' id='word_1_79' title='bbox 555 1840 623 1899; x_wconf 90' lang='lat' dir='ltr'><strong>dum</strong></span> <span class='ocrx_word' id='word_1_80' title='bbox 638 1860 756 1918; x_wconf 87' lang='lat' dir='ltr'><strong>proram</strong></span> <span class='ocrx_word' id='word_1_81' title='bbox 770 1841 807 1899; x_wconf 87' lang='lat' dir='ltr'><strong>ad</strong></span> <span class='ocrx_word' id='word_1_82' title='bbox 822 1861 896 1900; x_wconf 82' lang='lat' dir='ltr'><strong>saxa</strong></span> <span class='ocrx_word' id='word_1_83' title='bbox 909 1845 1052 1922; x_wconf 89' lang='lat' dir='ltr'><strong>suburget</strong></span> 
     </span>
     <span class='ocr_line' id='line_1_13' title="bbox 159 1929 864 2011; baseline 0.009 -24"><span class='ocrx_word' id='word_1_84' title='bbox 159 1929 296 2002; x_wconf 88' lang='lat' dir='ltr'><strong>Interior,</strong></span> <span class='ocrx_word' id='word_1_85' title='bbox 312 1932 467 2008; x_wconf 72' lang='lat' dir='ltr'><strong>spatioque</strong></span> <span class='ocrx_word' id='word_1_86' title='bbox 482 1934 560 1991; x_wconf 89' lang='lat' dir='ltr'><strong>subit</strong></span> <span class='ocrx_word' id='word_1_87' title='bbox 576 1935 734 2011; x_wconf 82' lang='lat' dir='ltr'><strong>Sergestus</strong></span> <span class='ocrx_word' id='word_1_88' title='bbox 751 1935 864 2011; x_wconf 91' lang='lat' dir='ltr'><strong>iniquo,</strong></span> 
     </span>
     <span class='ocr_line' id='line_1_14' title="bbox 158 2021 770 2102; baseline 0.008 -22"><span class='ocrx_word' id='word_1_89' title='bbox 158 2021 264 2080; x_wconf 80' lang='lat' dir='ltr'><strong>infelix</strong></span> <span class='ocrx_word' id='word_1_90' title='bbox 278 2025 359 2082; x_wconf 87' lang='lat' dir='ltr'><strong>saxis</strong></span> <span class='ocrx_word' id='word_1_91' title='bbox 373 2025 402 2083; x_wconf 90' lang='lat' dir='ltr'><strong>in</strong></span> <span class='ocrx_word' id='word_1_92' title='bbox 418 2027 659 2102; x_wconf 83' lang='lat' dir='ltr'><strong>procurrentibus</strong></span> <span class='ocrx_word' id='word_1_93' title='bbox 675 2027 770 2086; x_wconf 74' lang='lat' dir='ltr'><strong>hesit,</strong></span> 
     </span>
     <span class='ocr_line' id='line_1_15' title="bbox 156 2114 1142 2189; baseline 0.006 -15"><span class='ocrx_word' id='word_1_94' title='bbox 156 2114 323 2175; x_wconf 68' lang='lat' dir='ltr'><strong>Concussae</strong></span> <span class='ocrx_word' id='word_1_95' title='bbox 338 2126 451 2189; x_wconf 83' lang='lat' dir='ltr'><strong>cautes,</strong></span> <span class='ocrx_word' id='word_1_96' title='bbox 467 2127 497 2177; x_wconf 92' lang='lat' dir='ltr'><strong>et</strong></span> <span class='ocrx_word' id='word_1_97' title='bbox 514 2128 603 2177; x_wconf 87' lang='lat' dir='ltr'><strong>acuto</strong></span> <span class='ocrx_word' id='word_1_98' title='bbox 619 2120 648 2178; x_wconf 90' lang='lat' dir='ltr'><strong>in</strong></span> <span class='ocrx_word' id='word_1_99' title='bbox 662 2121 774 2178; x_wconf 89' lang='lat' dir='ltr'><strong>murice</strong></span> <span class='ocrx_word' id='word_1_100' title='bbox 789 2121 863 2179; x_wconf 91' lang='lat' dir='ltr'><strong>remi</strong></span> <span class='ocrx_word' id='word_1_101' title='bbox 1082 2122 1142 2180; x_wconf 78' lang='grc'><strong>006</strong></span> 
     </span>
     <span class='ocr_line' id='line_1_16' title="bbox 158 2208 854 2290; baseline 0.006 -23"><span class='ocrx_word' id='word_1_102' title='bbox 158 2208 266 2268; x_wconf 85' lang='lat' dir='ltr'><strong>Obnixi</strong></span> <span class='ocrx_word' id='word_1_103' title='bbox 280 2209 436 2288; x_wconf 67' lang='lat' dir='ltr'><strong>crepuisse,</strong></span> <span class='ocrx_word' id='word_1_104' title='bbox 454 2212 590 2288; x_wconf 88' lang='lat' dir='ltr'><strong>illissque</strong></span> <span class='ocrx_word' id='word_1_105' title='bbox 605 2232 693 2290; x_wconf 86' lang='lat' dir='ltr'><strong>prore</strong></span> <span class='ocrx_word' id='word_1_106' title='bbox 707 2212 854 2290; x_wconf 87' lang='lat' dir='ltr'><strong>pependit.</strong></span> 
     </span>
     <span class='ocr_line' id='line_1_17' title="bbox 158 2301 981 2382; baseline 0.001 -20"><span class='ocrx_word' id='word_1_107' title='bbox 158 2301 351 2381; x_wconf 84' lang='lat' dir='ltr'><strong>Consurgunt</strong></span> <span class='ocrx_word' id='word_1_108' title='bbox 365 2312 475 2375; x_wconf 81' lang='lat' dir='ltr'><strong>nsutae,</strong></span> <span class='ocrx_word' id='word_1_109' title='bbox 492 2313 521 2362; x_wconf 92' lang='lat' dir='ltr'><strong>et</strong></span> <span class='ocrx_word' id='word_1_110' title='bbox 540 2324 648 2382; x_wconf 85' lang='lat' dir='ltr'><strong>megno</strong></span> <span class='ocrx_word' id='word_1_111' title='bbox 662 2305 792 2363; x_wconf 84' lang='lat' dir='ltr'><strong>clamore</strong></span> <span class='ocrx_word' id='word_1_112' title='bbox 807 2313 981 2364; x_wconf 85' lang='lat' dir='ltr'><strong>morentur:</strong></span> 
     </span>
     <span class='ocr_line' id='line_1_18' title="bbox 157 2394 879 2474; baseline 0.003 -21"><span class='ocrx_word' id='word_1_113' title='bbox 157 2394 359 2472; x_wconf 83' lang='lat' dir='ltr'><strong>Ferratusque</strong></span> <span class='ocrx_word' id='word_1_114' title='bbox 372 2396 475 2454; x_wconf 88' lang='lat' dir='ltr'><strong>trudes</strong></span> <span class='ocrx_word' id='word_1_115' title='bbox 489 2406 519 2455; x_wconf 91' lang='lat' dir='ltr'><strong>et</strong></span> <span class='ocrx_word' id='word_1_116' title='bbox 533 2396 625 2455; x_wconf 76' lang='lat' dir='ltr'><strong>acuti</strong></span> <span class='ocrx_word' id='word_1_117' title='bbox 638 2397 760 2474; x_wconf 87' lang='lat' dir='ltr'><strong>cuspide</strong></span> <span class='ocrx_word' id='word_1_118' title='bbox 775 2408 879 2455; x_wconf 90' lang='lat' dir='ltr'><strong>contos</strong></span> 
     </span>
     <span class='ocr_line' id='line_1_19' title="bbox 156 2487 962 2568; baseline 0.004 -22"><span class='ocrx_word' id='word_1_119' title='bbox 156 2487 325 2566; x_wconf 81' lang='lat' dir='ltr'><strong>Expediunt</strong></span> <span class='ocrx_word' id='word_1_120' title='bbox 341 2509 349 2558; x_wconf 91' lang='lat'><strong>;</strong></span> <span class='ocrx_word' id='word_1_121' title='bbox 372 2490 544 2565; x_wconf 87' lang='lat' dir='ltr'><strong>fractosque</strong></span> <span class='ocrx_word' id='word_1_122' title='bbox 558 2491 662 2567; x_wconf 91' lang='lat' dir='ltr'><strong>legunt</strong></span> <span class='ocrx_word' id='word_1_123' title='bbox 678 2491 707 2547; x_wconf 94' lang='lat' dir='ltr'><strong>in</strong></span> <span class='ocrx_word' id='word_1_124' title='bbox 722 2491 841 2568; x_wconf 84' lang='lat' dir='ltr'><strong>gurgite</strong></span> <span class='ocrx_word' id='word_1_125' title='bbox 855 2509 962 2550; x_wconf 89' lang='lat' dir='ltr'><strong>remos.</strong></span> 
     </span>
     <span class='ocr_line' id='line_1_20' title="bbox 155 2581 1143 2661; baseline 0.002 -21"><span class='ocrx_word' id='word_1_126' title='bbox 155 2581 197 2641; x_wconf 75' lang='lat' dir='ltr'><strong>At</strong></span> <span class='ocrx_word' id='word_1_127' title='bbox 213 2583 300 2641; x_wconf 84' lang='lat' dir='ltr'><strong>laetus</strong></span> <span class='ocrx_word' id='word_1_128' title='bbox 313 2584 500 2655; x_wconf 88' lang='lat' dir='ltr'><strong>Mnestheus,</strong></span> <span class='ocrx_word' id='word_1_129' title='bbox 516 2602 720 2660; x_wconf 88' lang='lat' dir='ltr'><strong>successuque</strong></span> <span class='ocrx_word' id='word_1_130' title='bbox 736 2584 833 2641; x_wconf 87' lang='lat' dir='ltr'><strong>acrior</strong></span> <span class='ocrx_word' id='word_1_131' title='bbox 847 2584 922 2661; x_wconf 89' lang='lat' dir='ltr'><strong>ipso,</strong></span> <span class='ocrx_word' id='word_1_132' title='bbox 1020 2617 1025 2625; x_wconf 92' lang='lat'><strong>·</strong></span> <span class='ocrx_word' id='word_1_133' title='bbox 1082 2585 1143 2643; x_wconf 83' lang='grc'><strong>010</strong></span> 
     </span>
     <span class='ocr_line' id='line_1_21' title="bbox 155 2675 876 2753; baseline 0.001 -20"><span class='ocrx_word' id='word_1_134' title='bbox 155 2675 283 2753; x_wconf 85' lang='lat' dir='ltr'><strong>Agmine</strong></span> <span class='ocrx_word' id='word_1_135' title='bbox 297 2696 446 2735; x_wconf 86' lang='lat' dir='ltr'><strong>remorum</strong></span> <span class='ocrx_word' id='word_1_136' title='bbox 460 2677 563 2748; x_wconf 89' lang='lat' dir='ltr'><strong>celeri,</strong></span> <span class='ocrx_word' id='word_1_137' title='bbox 580 2677 735 2753; x_wconf 78' lang='lat' dir='ltr'><strong>ventisque</strong></span> <span class='ocrx_word' id='word_1_138' title='bbox 751 2677 876 2749; x_wconf 86' lang='lat' dir='ltr'><strong>vocetis,</strong></span> 
     </span>
     <span class='ocr_line' id='line_1_22' title="bbox 62 2768 922 2849; baseline -0.001 -21"><span class='ocrx_word' id='word_1_139' title='bbox 62 2768 340 2847; x_wconf 54' lang='lat' dir='ltr'><strong>Qut</strong></span> <span class='ocrx_word' id='word_1_140' title='bbox 355 2771 459 2841; x_wconf 85' lang='lat' dir='ltr'><strong>maris,</strong></span> <span class='ocrx_word' id='word_1_141' title='bbox 476 2778 505 2827; x_wconf 88' lang='lat' dir='ltr'><strong>et</strong></span> <span class='ocrx_word' id='word_1_142' title='bbox 520 2769 628 2848; x_wconf 87' lang='lat' dir='ltr'><strong>pelago</strong></span> <span class='ocrx_word' id='word_1_143' title='bbox 642 2770 773 2828; x_wconf 91' lang='lat' dir='ltr'><strong>decurrit</strong></span> <span class='ocrx_word' id='word_1_144' title='bbox 788 2778 900 2847; x_wconf 84' lang='lat' dir='ltr'><strong>aperto.</strong></span> <span class='ocrx_word' id='word_1_145' title='bbox 915 2805 922 2849; x_wconf 60' lang='lat'><em>5</em></span> 
     </span>
     <span class='ocr_line' id='line_1_23' title="bbox 157 2842 975 2940; baseline 0 -20"><span class='ocrx_word' id='word_1_146' title='bbox 157 2862 263 2930; x_wconf 79' lang='lat' dir='ltr'><strong>Qualis</strong></span> <span class='ocrx_word' id='word_1_147' title='bbox 281 2862 425 2940; x_wconf 72' lang='lat' dir='ltr'><strong>spelunci</strong></span> <span class='ocrx_word' id='word_1_148' title='bbox 443 2862 541 2921; x_wconf 87' lang='lat' dir='ltr'><strong>subitd</strong></span> <span class='ocrx_word' id='word_1_149' title='bbox 555 2871 701 2920; x_wconf 83' lang='lat' dir='ltr'><strong>commota</strong></span> <span class='ocrx_word' id='word_1_150' title='bbox 715 2864 862 2934; x_wconf 89' lang='lat' dir='ltr'><strong>columbe,</strong></span> <span class='ocrx_word' id='word_1_151' title='bbox 874 2842 975 2888; x_wconf 39' lang='lat' dir='ltr'><strong>N*</strong></span> 
     </span>
     <span class='ocr_line' id='line_1_24' title="bbox 157 2955 917 3033; baseline -0.003 -18"><span class='ocrx_word' id='word_1_152' title='bbox 157 2955 216 3015; x_wconf 94' lang='lat' dir='ltr'><strong>Cui</strong></span> <span class='ocrx_word' id='word_1_153' title='bbox 231 2955 334 3014; x_wconf 91' lang='lat' dir='ltr'><strong>domus</strong></span> <span class='ocrx_word' id='word_1_154' title='bbox 348 2964 377 3013; x_wconf 93' lang='lat' dir='ltr'><strong>et</strong></span> <span class='ocrx_word' id='word_1_155' title='bbox 392 2955 494 3013; x_wconf 89' lang='lat' dir='ltr'><strong>dulces</strong></span> <span class='ocrx_word' id='word_1_156' title='bbox 508 2956 658 3013; x_wconf 84' lang='lat' dir='ltr'><strong>latebroso</strong></span> <span class='ocrx_word' id='word_1_157' title='bbox 672 2956 702 3013; x_wconf 94' lang='lat' dir='ltr'><strong>in</strong></span> <span class='ocrx_word' id='word_1_158' title='bbox 717 2956 832 3033; x_wconf 89' lang='lat' dir='ltr'><strong>pumice</strong></span> <span class='ocrx_word' id='word_1_159' title='bbox 847 2955 917 3027; x_wconf 89' lang='lat' dir='ltr'><strong>nidi,</strong></span> 
     </span>
     <span class='ocr_line' id='line_1_25' title="bbox 155 3046 1141 3126; baseline -0.001 -19"><span class='ocrx_word' id='word_1_160' title='bbox 155 3046 265 3108; x_wconf 80' lang='lat' dir='ltr'><strong>Fertur</strong></span> <span class='ocrx_word' id='word_1_161' title='bbox 279 3051 309 3107; x_wconf 92' lang='lat' dir='ltr'><strong>in</strong></span> <span class='ocrx_word' id='word_1_162' title='bbox 324 3069 395 3107; x_wconf 82' lang='lat' dir='ltr'><strong>arva</strong></span> <span class='ocrx_word' id='word_1_163' title='bbox 409 3050 524 3119; x_wconf 82' lang='lat' dir='ltr'><strong>volnus,</strong></span> <span class='ocrx_word' id='word_1_164' title='bbox 539 3050 733 3126; x_wconf 88' lang='lat' dir='ltr'><strong>plausumque</strong></span> <span class='ocrx_word' id='word_1_165' title='bbox 748 3050 891 3107; x_wconf 81' lang='lat' dir='ltr'><strong>exterrita</strong></span> <span class='ocrx_word' id='word_1_166' title='bbox 906 3049 1010 3126; x_wconf 86' lang='lat' dir='ltr'><strong>pennis</strong></span> <span class='ocrx_word' id='word_1_167' title='bbox 1082 3049 1141 3107; x_wconf 76' lang='grc'><strong>015</strong></span> 
     </span>
     <span class='ocr_line' id='line_1_26' title="bbox 155 3142 901 3220; baseline 0 -20"><span class='ocrx_word' id='word_1_168' title='bbox 155 3142 216 3201; x_wconf 83' lang='lat' dir='ltr'><strong>Det</strong></span> <span class='ocrx_word' id='word_1_169' title='bbox 236 3152 318 3201; x_wconf 89' lang='lat' dir='ltr'><strong>tecto</strong></span> <span class='ocrx_word' id='word_1_170' title='bbox 332 3144 481 3220; x_wconf 88' lang='lat' dir='ltr'><strong>ingentem</strong></span> <span class='ocrx_word' id='word_1_171' title='bbox 496 3162 503 3212; x_wconf 93' lang='lat'>;</span> <span class='ocrx_word' id='word_1_172' title='bbox 527 3163 594 3201; x_wconf 87' lang='lat' dir='ltr'><strong>mox</strong></span> <span class='ocrx_word' id='word_1_173' title='bbox 608 3146 677 3201; x_wconf 78' lang='lat' dir='ltr'><strong>aiire</strong></span> <span class='ocrx_word' id='word_1_174' title='bbox 692 3144 776 3219; x_wconf 87' lang='lat' dir='ltr'><strong>lapsa</strong></span> <span class='ocrx_word' id='word_1_175' title='bbox 792 3144 901 3219; x_wconf 91' lang='lat' dir='ltr'><strong>quieto,</strong></span> 
     </span>
     <span class='ocr_line' id='line_1_27' title="bbox 95 3235 1007 3313; baseline -0.001 -20"><span class='ocrx_word' id='word_1_176' title='bbox 95 3262 101 3287; x_wconf 87' lang='grc' dir='ltr'>ι</span> <span class='ocrx_word' id='word_1_177' title='bbox 155 3235 247 3294; x_wconf 76' lang='lat' dir='ltr'><strong>Radit</strong></span> <span class='ocrx_word' id='word_1_178' title='bbox 262 3237 319 3294; x_wconf 94' lang='lat' dir='ltr'><strong>iter</strong></span> <span class='ocrx_word' id='word_1_179' title='bbox 332 3236 484 3312; x_wconf 91' lang='lat' dir='ltr'><strong>liquidum,</strong></span> <span class='ocrx_word' id='word_1_180' title='bbox 501 3238 617 3295; x_wconf 90' lang='lat' dir='ltr'><strong>celeres</strong></span> <span class='ocrx_word' id='word_1_181' title='bbox 631 3256 728 3313; x_wconf 90' lang='lat' dir='ltr'><strong>neque</strong></span> <span class='ocrx_word' id='word_1_182' title='bbox 743 3244 907 3294; x_wconf 84' lang='lat' dir='ltr'><strong>commovet</strong></span> <span class='ocrx_word' id='word_1_183' title='bbox 921 3236 984 3294; x_wconf 85' lang='lat' dir='ltr'><strong>ales</strong></span> <span class='ocrx_word' id='word_1_184' title='bbox 1000 3254 1007 3292; x_wconf 78' lang='grc' dir='ltr'><strong>ε</strong></span> 
     </span>
     <span class='ocr_line' id='line_1_28' title="bbox 156 3328 965 3408; baseline -0.002 -21"><span class='ocrx_word' id='word_1_185' title='bbox 156 3329 205 3387; x_wconf 90' lang='lat' dir='ltr'><strong>Sic</strong></span> <span class='ocrx_word' id='word_1_186' title='bbox 218 3328 406 3401; x_wconf 88' lang='lat' dir='ltr'><strong>Mnestheus,</strong></span> <span class='ocrx_word' id='word_1_187' title='bbox 422 3331 466 3388; x_wconf 91' lang='lat' dir='ltr'><strong>sic</strong></span> <span class='ocrx_word' id='word_1_188' title='bbox 480 3331 546 3408; x_wconf 87' lang='lat' dir='ltr'><strong>ipsa</strong></span> <span class='ocrx_word' id='word_1_189' title='bbox 560 3328 632 3406; x_wconf 70' lang='lat' dir='ltr'><strong>fugi</strong></span> <span class='ocrx_word' id='word_1_190' title='bbox 645 3338 728 3387; x_wconf 90' lang='lat' dir='ltr'><strong>secat</strong></span> <span class='ocrx_word' id='word_1_191' title='bbox 743 3330 845 3386; x_wconf 84' lang='lat' dir='ltr'><strong>ultime</strong></span> <span class='ocrx_word' id='word_1_192' title='bbox 857 3328 965 3385; x_wconf 89' lang='lat' dir='ltr'><strong>Pristis</strong></span> 
     </span>
     <span class='ocr_line' id='line_1_29' title="bbox 155 3421 942 3498; baseline -0.005 -18"><span class='ocrx_word' id='word_1_193' title='bbox 155 3421 319 3498; x_wconf 78' lang='lat' dir='ltr'><strong>AEquore3</strong></span> <span class='ocrx_word' id='word_1_194' title='bbox 342 3423 386 3480; x_wconf 91' lang='lat' dir='ltr'><strong>sic</strong></span> <span class='ocrx_word' id='word_1_195' title='bbox 400 3422 481 3480; x_wconf 84' lang='lat' dir='ltr'><strong>illem</strong></span> <span class='ocrx_word' id='word_1_196' title='bbox 495 3422 552 3480; x_wconf 90' lang='lat' dir='ltr'><strong>fert</strong></span> <span class='ocrx_word' id='word_1_197' title='bbox 567 3423 692 3498; x_wconf 87' lang='lat' dir='ltr'><strong>impetus</strong></span> <span class='ocrx_word' id='word_1_198' title='bbox 707 3422 769 3497; x_wconf 91' lang='lat' dir='ltr'><strong>ipse</strong></span> <span class='ocrx_word' id='word_1_199' title='bbox 784 3421 942 3478; x_wconf 87' lang='lat' dir='ltr'><strong>volentem.</strong></span> 
     </span>
     <span class='ocr_line' id='line_1_30' title="bbox 154 3511 1142 3591; baseline -0.001 -20"><span class='ocrx_word' id='word_1_200' title='bbox 154 3511 196 3572; x_wconf 79' lang='lat' dir='ltr'><strong>Et</strong></span> <span class='ocrx_word' id='word_1_201' title='bbox 210 3515 335 3591; x_wconf 79' lang='lat' dir='ltr'><strong>primiim</strong></span> <span class='ocrx_word' id='word_1_202' title='bbox 348 3516 376 3573; x_wconf 92' lang='lat' dir='ltr'><strong>in</strong></span> <span class='ocrx_word' id='word_1_203' title='bbox 392 3515 514 3590; x_wconf 89' lang='lat' dir='ltr'><strong>scopulo</strong></span> <span class='ocrx_word' id='word_1_204' title='bbox 529 3514 690 3571; x_wconf 88' lang='lat' dir='ltr'><strong>luctantem</strong></span> <span class='ocrx_word' id='word_1_205' title='bbox 704 3513 814 3569; x_wconf 87' lang='lat' dir='ltr'><strong>deserit</strong></span> <span class='ocrx_word' id='word_1_206' title='bbox 829 3511 889 3568; x_wconf 86' lang='lat' dir='ltr'><strong>ulto</strong></span> <span class='ocrx_word' id='word_1_207' title='bbox 1082 3513 1142 3571; x_wconf 86' lang='grc'><strong>000</strong></span> 
     </span>
     <span class='ocr_line' id='line_1_31' title="bbox 157 3605 1011 3685; baseline -0.004 -20"><span class='ocrx_word' id='word_1_208' title='bbox 157 3607 328 3685; x_wconf 86' lang='lat' dir='ltr'><strong>Sergestum</strong></span> <span class='ocrx_word' id='word_1_209' title='bbox 344 3608 544 3683; x_wconf 80' lang='lat' dir='ltr'><strong>breuibusque</strong></span> <span class='ocrx_word' id='word_1_210' title='bbox 559 3606 653 3676; x_wconf 85' lang='lat' dir='ltr'><strong>vedis,</strong></span> <span class='ocrx_word' id='word_1_211' title='bbox 670 3605 839 3677; x_wconf 84' lang='lat' dir='ltr'><strong>frustraque</strong></span> <span class='ocrx_word' id='word_1_212' title='bbox 855 3612 1011 3662; x_wconf 84' lang='lat' dir='ltr'><strong>vocantem</strong></span> 
     </span>
     <span class='ocr_line' id='line_1_32' title="bbox 156 3697 882 3781; baseline -0.001 -24"><span class='ocrx_word' id='word_1_213' title='bbox 156 3701 287 3771; x_wconf 81' lang='lat' dir='ltr'><strong>Auxilia,</strong></span> <span class='ocrx_word' id='word_1_214' title='bbox 303 3709 331 3759; x_wconf 89' lang='lat' dir='ltr'><strong>et</strong></span> <span class='ocrx_word' id='word_1_215' title='bbox 351 3700 454 3781; x_wconf 83' lang='lat' dir='ltr'><strong>fractis</strong></span> <span class='ocrx_word' id='word_1_216' title='bbox 469 3700 632 3757; x_wconf 88' lang='lat' dir='ltr'><strong>discentem</strong></span> <span class='ocrx_word' id='word_1_217' title='bbox 646 3717 768 3756; x_wconf 89' lang='lat' dir='ltr'><strong>currere</strong></span> <span class='ocrx_word' id='word_1_218' title='bbox 784 3697 882 3756; x_wconf 89' lang='lat' dir='ltr'><strong>remis.</strong></span> 
     </span>
     <span class='ocr_line' id='line_1_33' title="bbox 156 3789 917 3872; baseline 0 -22"><span class='ocrx_word' id='word_1_219' title='bbox 156 3789 230 3850; x_wconf 89' lang='lat' dir='ltr'><strong>lude</strong></span> <span class='ocrx_word' id='word_1_220' title='bbox 245 3793 335 3870; x_wconf 87' lang='lat' dir='ltr'><strong>Gyen</strong></span> <span class='ocrx_word' id='word_1_221' title='bbox 349 3795 501 3872; x_wconf 84' lang='lat' dir='ltr'><strong>ipsamque</strong></span> <span class='ocrx_word' id='word_1_222' title='bbox 516 3793 629 3872; x_wconf 91' lang='lat' dir='ltr'><strong>ingenti</strong></span> <span class='ocrx_word' id='word_1_223' title='bbox 642 3793 719 3850; x_wconf 89' lang='lat' dir='ltr'><strong>mole</strong></span> <span class='ocrx_word' id='word_1_224' title='bbox 735 3791 917 3851; x_wconf 85' lang='lat' dir='ltr'><strong>Chimaeram</strong></span> 
     </span>
     <span class='ocr_line' id='line_1_34' title="bbox 157 3884 1020 3964; baseline -0.001 -18"><span class='ocrx_word' id='word_1_225' title='bbox 157 3884 383 3963; x_wconf 87' lang='lat' dir='ltr'><strong>Consequitur:</strong></span> <span class='ocrx_word' id='word_1_226' title='bbox 406 3888 495 3959; x_wconf 91' lang='lat' dir='ltr'><strong>cedit,</strong></span> <span class='ocrx_word' id='word_1_227' title='bbox 513 3887 650 3963; x_wconf 87' lang='lat' dir='ltr'><strong>quoniam</strong></span> <span class='ocrx_word' id='word_1_228' title='bbox 669 3886 796 3963; x_wconf 75' lang='lat' dir='ltr'><strong>spoliata</strong></span> <span class='ocrx_word' id='word_1_229' title='bbox 809 3886 952 3964; x_wconf 79' lang='lat' dir='ltr'><strong>magistro</strong></span> <span class='ocrx_word' id='word_1_230' title='bbox 966 3891 1020 3945; x_wconf 82' lang='lat' dir='ltr'><strong>est.</strong></span> 
     </span>
     <span class='ocr_line' id='line_1_35' title="bbox 155 3974 1141 4058; baseline -0.001 -21"><span class='ocrx_word' id='word_1_231' title='bbox 155 3974 243 4037; x_wconf 84' lang='lat' dir='ltr'><strong>Solus</strong></span> <span class='ocrx_word' id='word_1_232' title='bbox 259 3979 381 4057; x_wconf 85' lang='lat' dir='ltr'><strong>jamque</strong></span> <span class='ocrx_word' id='word_1_233' title='bbox 397 3982 459 4058; x_wconf 91' lang='lat' dir='ltr'><strong>ipso</strong></span> <span class='ocrx_word' id='word_1_234' title='bbox 472 3989 608 4058; x_wconf 75' lang='lat' dir='ltr'><strong>superest</strong></span> <span class='ocrx_word' id='word_1_235' title='bbox 623 3981 652 4037; x_wconf 95' lang='lat' dir='ltr'><strong>in</strong></span> <span class='ocrx_word' id='word_1_236' title='bbox 667 3979 725 4037; x_wconf 89' lang='lat' dir='ltr'><strong>fine</strong></span> <span class='ocrx_word' id='word_1_237' title='bbox 741 3978 908 4038; x_wconf 91' lang='lat' dir='ltr'><strong>Cloanthus</strong></span> <span class='ocrx_word' id='word_1_238' title='bbox 923 3998 931 4048; x_wconf 88' lang='grc'><strong>;</strong></span> <span class='ocrx_word' id='word_1_239' title='bbox 1080 3978 1141 4036; x_wconf 75' lang='grc'><strong>005</strong></span> 
     </span>
     <span class='ocr_line' id='line_1_36' title="bbox 157 4068 1150 4150; baseline 0.001 -21"><span class='ocrx_word' id='word_1_240' title='bbox 157 4070 256 4138; x_wconf 78' lang='lat' dir='ltr'><strong>Quem</strong></span> <span class='ocrx_word' id='word_1_241' title='bbox 271 4074 352 4150; x_wconf 92' lang='lat' dir='ltr'><strong>petit,</strong></span> <span class='ocrx_word' id='word_1_242' title='bbox 368 4083 398 4132; x_wconf 92' lang='lat' dir='ltr'><strong>et</strong></span> <span class='ocrx_word' id='word_1_243' title='bbox 412 4075 533 4132; x_wconf 90' lang='lat' dir='ltr'><strong>summis</strong></span> <span class='ocrx_word' id='word_1_244' title='bbox 547 4074 673 4132; x_wconf 84' lang='lat' dir='ltr'><strong>adnixus</strong></span> <span class='ocrx_word' id='word_1_245' title='bbox 687 4073 800 4130; x_wconf 78' lang='lat' dir='ltr'><strong>uiribus</strong></span> <span class='ocrx_word' id='word_1_246' title='bbox 815 4079 911 4150; x_wconf 88' lang='lat' dir='ltr'><strong>urget.</strong></span> <span class='ocrx_word' id='word_1_247' title='bbox 1020 4091 1023 4095; x_wconf 85' lang='lat'>·</span> <span class='ocrx_word' id='word_1_248' title='bbox 1144 4068 1150 4077; x_wconf 73' lang='grc'><em>“</em></span> 
     </span>
     <span class='ocr_line' id='line_1_37' title="bbox 155 4164 1002 4245; baseline 0.001 -22"><span class='ocrx_word' id='word_1_249' title='bbox 155 4164 234 4224; x_wconf 83' lang='lat' dir='ltr'><strong>Tum</strong></span> <span class='ocrx_word' id='word_1_250' title='bbox 249 4166 320 4224; x_wconf 82' lang='lat' dir='ltr'><strong>verb</strong></span> <span class='ocrx_word' id='word_1_251' title='bbox 340 4167 501 4245; x_wconf 84' lang='lat' dir='ltr'><strong>ingeminet</strong></span> <span class='ocrx_word' id='word_1_252' title='bbox 515 4167 636 4238; x_wconf 79' lang='lat' dir='ltr'><strong>clamor,</strong></span> <span class='ocrx_word' id='word_1_253' title='bbox 653 4167 813 4241; x_wconf 90' lang='lat' dir='ltr'><strong>cunctique</strong></span> <span class='ocrx_word' id='word_1_254' title='bbox 827 4172 1002 4242; x_wconf 87' lang='lat' dir='ltr'><strong>sequentem</strong></span> 
     </span>
     <span class='ocr_line' id='line_1_38' title="bbox 157 4257 927 4337; baseline 0.001 -20"><span class='ocrx_word' id='word_1_255' title='bbox 157 4257 305 4337; x_wconf 86' lang='lat' dir='ltr'><strong>Instigent</strong></span> <span class='ocrx_word' id='word_1_256' title='bbox 319 4261 434 4332; x_wconf 87' lang='lat' dir='ltr'><strong>studiis,</strong></span> <span class='ocrx_word' id='word_1_257' title='bbox 450 4269 629 4336; x_wconf 86' lang='lat' dir='ltr'><strong>resonetque</strong></span> <span class='ocrx_word' id='word_1_258' title='bbox 644 4260 811 4337; x_wconf 82' lang='lat' dir='ltr'><strong>fragoribus</strong></span> <span class='ocrx_word' id='word_1_259' title='bbox 826 4260 927 4318; x_wconf 82' lang='lat' dir='ltr'><strong>aetber.</strong></span> 
     </span>
     <span class='ocr_line' id='line_1_39' title="bbox 156 4351 1002 4432; baseline 0.002 -22"><span class='ocrx_word' id='word_1_260' title='bbox 156 4351 200 4410; x_wconf 86' lang='lat' dir='ltr'><strong>Hi</strong></span> <span class='ocrx_word' id='word_1_261' title='bbox 214 4354 363 4431; x_wconf 88' lang='lat' dir='ltr'><strong>proprium</strong></span> <span class='ocrx_word' id='word_1_262' title='bbox 378 4354 470 4413; x_wconf 90' lang='lat' dir='ltr'><strong>decus</strong></span> <span class='ocrx_word' id='word_1_263' title='bbox 486 4363 514 4412; x_wconf 90' lang='lat' dir='ltr'><strong>et</strong></span> <span class='ocrx_word' id='word_1_264' title='bbox 527 4362 642 4431; x_wconf 83' lang='lat' dir='ltr'><strong>partum</strong></span> <span class='ocrx_word' id='word_1_265' title='bbox 656 4354 848 4432; x_wconf 86' lang='lat' dir='ltr'><strong>indignentur</strong></span> <span class='ocrx_word' id='word_1_266' title='bbox 860 4355 1002 4412; x_wconf 89' lang='lat' dir='ltr'><strong>honorem</strong></span> 
     </span>
     <span class='ocr_line' id='line_1_40' title="bbox 157 4442 1141 4525; baseline 0.003 -22"><span class='ocrx_word' id='word_1_267' title='bbox 157 4442 197 4503; x_wconf 74' lang='lat' dir='ltr'><strong>Ni</strong></span> <span class='ocrx_word' id='word_1_268' title='bbox 210 4453 343 4518; x_wconf 83' lang='lat' dir='ltr'><strong>teneant,</strong></span> <span class='ocrx_word' id='word_1_269' title='bbox 358 4449 508 4524; x_wconf 83' lang='lat' dir='ltr'><strong>vitamque</strong></span> <span class='ocrx_word' id='word_1_270' title='bbox 523 4448 624 4505; x_wconf 80' lang='lat' dir='ltr'><strong>voluat</strong></span> <span class='ocrx_word' id='word_1_271' title='bbox 638 4467 690 4524; x_wconf 85' lang='lat' dir='ltr'><strong>pro</strong></span> <span class='ocrx_word' id='word_1_272' title='bbox 704 4448 792 4505; x_wconf 89' lang='lat' dir='ltr'><strong>leude</strong></span> <span class='ocrx_word' id='word_1_273' title='bbox 808 4447 943 4525; x_wconf 83' lang='lat' dir='ltr'><strong>pacisci.&#39;</strong></span> <span class='ocrx_word' id='word_1_274' title='bbox 1080 4447 1141 4506; x_wconf 75' lang='grc'><strong>000</strong></span> 
     </span>
    </p>
   </div>
   <div class='ocr_carea' id='block_1_3' title="bbox 156 4537 988 4622">
    <p class='ocr_par' dir='ltr' id='par_1_3' title="bbox 156 4537 988 4622">
     <span class='ocr_line' id='line_1_41' title="bbox 156 4537 988 4622; baseline 0.002 -24"><span class='ocrx_word' id='word_1_275' title='bbox 156 4537 225 4598; x_wconf 85' lang='lat' dir='ltr'><strong>Hos</strong></span> <span class='ocrx_word' id='word_1_276' title='bbox 238 4561 398 4600; x_wconf 89' lang='lat' dir='ltr'><strong>successus</strong></span> <span class='ocrx_word' id='word_1_277' title='bbox 412 4543 462 4601; x_wconf 85' lang='lat' dir='ltr'><strong>elit</strong></span> <span class='ocrx_word' id='word_1_278' title='bbox 476 4562 484 4614; x_wconf 79' lang='lat'>3</span> <span class='ocrx_word' id='word_1_279' title='bbox 508 4551 641 4622; x_wconf 90' lang='lat' dir='ltr'><strong>possunt,</strong></span> <span class='ocrx_word' id='word_1_280' title='bbox 658 4544 728 4619; x_wconf 86' lang='lat' dir='ltr'><strong>quie</strong></span> <span class='ocrx_word' id='word_1_281' title='bbox 742 4562 828 4622; x_wconf 91' lang='lat' dir='ltr'><strong>posse</strong></span> <span class='ocrx_word' id='word_1_282' title='bbox 843 4542 988 4601; x_wconf 77' lang='lat' dir='ltr'><strong>videntur,</strong></span> 
     </span>
    </p>
   </div>
   <div class='ocr_carea' id='block_1_4' title="bbox 0 0 1350 5122">
    <p class='ocr_par' dir='ltr' id='par_1_4' title="bbox 0 0 1350 5122">
     <span class='ocr_line' id='line_1_42' title="bbox 0 0 1350 5122; baseline 0 0"><span class='ocrx_word' id='word_1_283' title='bbox 0 0 1350 5122; x_wconf 95' lang='lat' dir='ltr'><strong> </strong></span> 
     </span>
    </p>
   </div>
  </div>
 </body>
</html>
