<?xml version="1.0" encoding="UTF-8"?>
<!DOCTYPE html PUBLIC "-//W3C//DTD XHTML 1.0 Transitional//EN"
    "http://www.w3.org/TR/xhtml1/DTD/xhtml1-transitional.dtd">
<html xmlns="http://www.w3.org/1999/xhtml" xml:lang="en" lang="en">
 <head>
  <title>
</title>
<meta http-equiv="Content-Type" content="text/html;charset=utf-8" />
  <meta name='ocr-system' content='tesseract 3.04.00' />
  <meta name='ocr-capabilities' content='ocr_page ocr_carea ocr_par ocr_line ocrx_word'/>
</head>
<body>
  <div class='ocr_page' id='page_1' title='image "./pvirgiliimaroni00bowegoog/pvirgiliimaroni00bowegoog_0295.png"; bbox 0 0 2692 5122; ppageno 0'>
   <div class='ocr_carea' id='block_1_1' title="bbox 177 402 873 473">
    <p class='ocr_par' dir='ltr' id='par_1_1' title="bbox 177 402 873 473">
     <span class='ocr_line' id='line_1_1' title="bbox 177 402 873 473; baseline 0.004 -20"><span class='ocrx_word' id='word_1_1' title='bbox 177 414 238 473; x_wconf 67' lang='lat' dir='ltr'><strong>m</strong></span> <span class='ocrx_word' id='word_1_2' title='bbox 385 402 389 411; x_wconf 86' lang='grc'><strong>’</strong></span> <span class='ocrx_word' id='word_1_3' title='bbox 461 407 489 454; x_wconf 82' lang='grc' dir='ltr'><strong>Ρ.</strong></span> <span class='ocrx_word' id='word_1_4' title='bbox 511 406 677 454; x_wconf 80' lang='lat' dir='ltr'><strong>VlRGlLli</strong></span> <span class='ocrx_word' id='word_1_5' title='bbox 701 407 873 456; x_wconf 70' lang='lat' dir='ltr'><strong>niuosis</strong></span> 
     </span>
    </p>
   </div>
   <div class='ocr_carea' id='block_1_2' title="bbox 177 546 1172 1287">
    <p class='ocr_par' dir='ltr' id='par_1_2' title="bbox 177 546 1172 1287">
     <span class='ocr_line' id='line_1_2' title="bbox 178 546 1007 627; baseline -0.005 -17"><span class='ocrx_word' id='word_1_6' title='bbox 178 550 258 610; x_wconf 69' lang='lat' dir='ltr'><strong>Haec</strong></span> <span class='ocrx_word' id='word_1_7' title='bbox 271 557 302 607; x_wconf 93' lang='lat' dir='ltr'><strong>te</strong></span> <span class='ocrx_word' id='word_1_8' title='bbox 317 547 410 627; x_wconf 85' lang='lat' dir='ltr'><strong>prima</strong></span> <span class='ocrx_word' id='word_1_9' title='bbox 423 548 487 606; x_wconf 87' lang='lat' dir='ltr'><strong>dies</strong></span> <span class='ocrx_word' id='word_1_10' title='bbox 500 547 579 606; x_wconf 91' lang='lat' dir='ltr'><strong>bello</strong></span> <span class='ocrx_word' id='word_1_11' title='bbox 592 547 683 620; x_wconf 82' lang='lat' dir='ltr'>dedit,</span> <span class='ocrx_word' id='word_1_12' title='bbox 699 548 764 606; x_wconf 79' lang='lat' dir='ltr'><strong>lime</strong></span> <span class='ocrx_word' id='word_1_13' title='bbox 778 548 883 607; x_wconf 89' lang='lat' dir='ltr'><strong>eadem</strong></span> <span class='ocrx_word' id='word_1_14' title='bbox 898 546 1007 620; x_wconf 81' lang='lat' dir='ltr'><strong>aufert,</strong></span> 
     </span>
     <span class='ocr_line' id='line_1_3' title="bbox 179 641 1021 720; baseline -0.004 -16"><span class='ocrx_word' id='word_1_15' title='bbox 179 645 281 714; x_wconf 82' lang='lat' dir='ltr'><strong>Quum</strong></span> <span class='ocrx_word' id='word_1_16' title='bbox 294 654 394 702; x_wconf 88' lang='lat' dir='ltr'><strong>tamen</strong></span> <span class='ocrx_word' id='word_1_17' title='bbox 409 643 546 720; x_wconf 80' lang='lat' dir='ltr'><strong>ingentes</strong></span> <span class='ocrx_word' id='word_1_18' title='bbox 559 641 739 701; x_wconf 80' lang='lat' dir='ltr'><strong>Rutulorum</strong></span> <span class='ocrx_word' id='word_1_19' title='bbox 752 642 862 719; x_wconf 83' lang='lat' dir='ltr'><strong>linquis</strong></span> <span class='ocrx_word' id='word_1_20' title='bbox 875 645 1021 701; x_wconf 81' lang='lat' dir='ltr'><strong>acerras!</strong></span> 
     </span>
     <span class='ocr_line' id='line_1_4' title="bbox 217 736 1172 814; baseline 0.001 -17"><span class='ocrx_word' id='word_1_21' title='bbox 217 739 284 798; x_wconf 86' lang='lat' dir='ltr'><strong>Nec</strong></span> <span class='ocrx_word' id='word_1_22' title='bbox 294 739 357 814; x_wconf 82' lang='lat' dir='ltr'><strong>jam</strong></span> <span class='ocrx_word' id='word_1_23' title='bbox 371 738 450 795; x_wconf 88' lang='lat' dir='ltr'><strong>sama</strong></span> <span class='ocrx_word' id='word_1_24' title='bbox 465 738 534 796; x_wconf 90' lang='lat' dir='ltr'><strong>mali</strong></span> <span class='ocrx_word' id='word_1_25' title='bbox 548 737 633 809; x_wconf 85' lang='lat' dir='ltr'><strong>tanti,</strong></span> <span class='ocrx_word' id='word_1_26' title='bbox 649 737 703 795; x_wconf 90' lang='lat' dir='ltr'><strong>sed</strong></span> <span class='ocrx_word' id='word_1_27' title='bbox 717 741 828 795; x_wconf 81' lang='lat' dir='ltr'><strong>certior</strong></span> <span class='ocrx_word' id='word_1_28' title='bbox 844 744 951 794; x_wconf 84' lang='lat' dir='ltr'><strong>auctor</strong></span> <span class='ocrx_word' id='word_1_29' title='bbox 1042 782 1046 789; x_wconf 93' lang='lat'>.</span> <span class='ocrx_word' id='word_1_30' title='bbox 1109 736 1172 798; x_wconf 74' lang='lat'><strong>⁶1⁰</strong></span> 
     </span>
     <span class='ocr_line' id='line_1_5' title="bbox 178 831 793 909; baseline -0.008 -16"><span class='ocrx_word' id='word_1_31' title='bbox 178 834 307 909; x_wconf 80' lang='lat' dir='ltr'><strong>Advolat</strong></span> <span class='ocrx_word' id='word_1_32' title='bbox 321 832 444 904; x_wconf 75' lang='lat' dir='ltr'><strong>AEnee,</strong></span> <span class='ocrx_word' id='word_1_33' title='bbox 459 832 542 890; x_wconf 90' lang='lat' dir='ltr'><strong>tenui</strong></span> <span class='ocrx_word' id='word_1_34' title='bbox 557 831 727 890; x_wconf 71' lang='lat' dir='ltr'><strong>discrimine</strong></span> <span class='ocrx_word' id='word_1_35' title='bbox 742 831 793 889; x_wconf 88' lang='lat' dir='ltr'><strong>leti</strong></span> 
     </span>
     <span class='ocr_line' id='line_1_6' title="bbox 178 924 960 1004; baseline -0.005 -17"><span class='ocrx_word' id='word_1_36' title='bbox 178 928 257 988; x_wconf 81' lang='lat' dir='ltr'><strong>Esse</strong></span> <span class='ocrx_word' id='word_1_37' title='bbox 271 947 341 985; x_wconf 90' lang='lat' dir='ltr'><strong>suos</strong></span> <span class='ocrx_word' id='word_1_38' title='bbox 357 946 365 996; x_wconf 90' lang='lat'>;</span> <span class='ocrx_word' id='word_1_39' title='bbox 389 937 507 1004; x_wconf 89' lang='lat' dir='ltr'><strong>tempus</strong></span> <span class='ocrx_word' id='word_1_40' title='bbox 520 926 616 984; x_wconf 88' lang='lat' dir='ltr'><strong>versis</strong></span> <span class='ocrx_word' id='word_1_41' title='bbox 628 943 808 984; x_wconf 84' lang='lat' dir='ltr'><strong>succurrere</strong></span> <span class='ocrx_word' id='word_1_42' title='bbox 821 924 960 983; x_wconf 85' lang='lat' dir='ltr'><strong>Teucris.</strong></span> 
     </span>
     <span class='ocr_line' id='line_1_7' title="bbox 177 1020 1041 1098; baseline -0.002 -18"><span class='ocrx_word' id='word_1_43' title='bbox 177 1021 319 1080; x_wconf 86' lang='lat' dir='ltr'><strong>Proxima</strong></span> <span class='ocrx_word' id='word_1_44' title='bbox 333 1039 461 1098; x_wconf 76' lang='lat' dir='ltr'><strong>qumque</strong></span> <span class='ocrx_word' id='word_1_45' title='bbox 474 1021 557 1078; x_wconf 91' lang='lat' dir='ltr'><strong>metit</strong></span> <span class='ocrx_word' id='word_1_46' title='bbox 570 1020 681 1098; x_wconf 81' lang='lat' dir='ltr'><strong>gladio,</strong></span> <span class='ocrx_word' id='word_1_47' title='bbox 698 1020 850 1095; x_wconf 89' lang='lat' dir='ltr'><strong>latumque</strong></span> <span class='ocrx_word' id='word_1_48' title='bbox 864 1037 918 1096; x_wconf 87' lang='lat' dir='ltr'><strong>per</strong></span> <span class='ocrx_word' id='word_1_49' title='bbox 932 1036 1041 1096; x_wconf 78' lang='lat' dir='ltr'><strong>agmen</strong></span> 
     </span>
     <span class='ocr_line' id='line_1_8' title="bbox 178 1113 1003 1193; baseline -0.007 -18"><span class='ocrx_word' id='word_1_50' title='bbox 178 1116 299 1176; x_wconf 82' lang='lat' dir='ltr'><strong>Ardens</strong></span> <span class='ocrx_word' id='word_1_51' title='bbox 315 1115 437 1174; x_wconf 90' lang='lat' dir='ltr'><strong>limitem</strong></span> <span class='ocrx_word' id='word_1_52' title='bbox 451 1115 513 1193; x_wconf 76' lang='lat' dir='ltr'><strong>agit</strong></span> <span class='ocrx_word' id='word_1_53' title='bbox 527 1115 628 1184; x_wconf 82' lang='lat' dir='ltr'><strong>serr03</strong></span> <span class='ocrx_word' id='word_1_54' title='bbox 652 1123 692 1186; x_wconf 91' lang='lat' dir='ltr'><strong>te,</strong></span> <span class='ocrx_word' id='word_1_55' title='bbox 708 1115 823 1184; x_wconf 89' lang='lat' dir='ltr'><strong>Turne,</strong></span> <span class='ocrx_word' id='word_1_56' title='bbox 840 1113 1003 1190; x_wconf 88' lang='lat' dir='ltr'><strong>superbum</strong></span> 
     </span>
     <span class='ocr_line' id='line_1_9' title="bbox 179 1207 990 1287; baseline -0.009 -17"><span class='ocrx_word' id='word_1_57' title='bbox 179 1209 274 1271; x_wconf 77' lang='lat' dir='ltr'><strong>cado</strong></span> <span class='ocrx_word' id='word_1_58' title='bbox 289 1208 367 1268; x_wconf 77' lang='lat' dir='ltr'><strong>novi</strong></span> <span class='ocrx_word' id='word_1_59' title='bbox 382 1229 529 1287; x_wconf 78' lang='lat' dir='ltr'><strong>quaerens.</strong></span> <span class='ocrx_word' id='word_1_60' title='bbox 572 1209 684 1280; x_wconf 85' lang='lat' dir='ltr'><strong>Pallas,</strong></span> <span class='ocrx_word' id='word_1_61' title='bbox 699 1207 851 1278; x_wconf 85' lang='lat' dir='ltr'><strong>Evander,</strong></span> <span class='ocrx_word' id='word_1_62' title='bbox 868 1207 898 1265; x_wconf 92' lang='lat' dir='ltr'><strong>in</strong></span> <span class='ocrx_word' id='word_1_63' title='bbox 918 1207 990 1284; x_wconf 90' lang='lat' dir='ltr'><strong>ipsis</strong></span> 
     </span>
    </p>
   </div>
   <div class='ocr_carea' id='block_1_3' title="bbox 66 1301 1083 1379">
    <p class='ocr_par' dir='ltr' id='par_1_3' title="bbox 66 1301 1083 1379">
     <span class='ocr_line' id='line_1_10' title="bbox 66 1301 1083 1379; baseline -0.006 -16"><span class='ocrx_word' id='word_1_64' title='bbox 66 1309 69 1314; x_wconf 90' lang='grc'><strong><em>’</em></strong></span> <span class='ocrx_word' id='word_1_65' title='bbox 179 1304 288 1364; x_wconf 90' lang='lat' dir='ltr'><strong>Omnia</strong></span> <span class='ocrx_word' id='word_1_66' title='bbox 301 1312 370 1362; x_wconf 89' lang='lat' dir='ltr'><strong>sunt</strong></span> <span class='ocrx_word' id='word_1_67' title='bbox 382 1304 500 1373; x_wconf 88' lang='lat' dir='ltr'><strong>oculis;</strong></span> <span class='ocrx_word' id='word_1_68' title='bbox 524 1323 646 1375; x_wconf 74' lang='lat' dir='ltr'><strong>mensas,</strong></span> <span class='ocrx_word' id='word_1_69' title='bbox 664 1322 738 1379; x_wconf 91' lang='lat' dir='ltr'><strong>quas</strong></span> <span class='ocrx_word' id='word_1_70' title='bbox 753 1302 868 1360; x_wconf 81' lang='lat' dir='ltr'><strong>advena</strong></span> <span class='ocrx_word' id='word_1_71' title='bbox 883 1301 992 1378; x_wconf 81' lang='lat' dir='ltr'><strong>primns</strong></span> <span class='ocrx_word' id='word_1_72' title='bbox 1080 1336 1083 1348; x_wconf 87' lang='lat'>·</span> 
     </span>
    </p>
   </div>
   <div class='ocr_carea' id='block_1_4' title="bbox 118 1397 1168 4199">
    <p class='ocr_par' dir='ltr' id='par_1_4' title="bbox 178 1397 972 1475">
     <span class='ocr_line' id='line_1_11' title="bbox 178 1397 972 1475; baseline -0.005 -19"><span class='ocrx_word' id='word_1_73' title='bbox 178 1397 267 1457; x_wconf 89' lang='lat' dir='ltr'><strong>Tunc</strong></span> <span class='ocrx_word' id='word_1_74' title='bbox 282 1397 364 1469; x_wconf 88' lang='lat' dir='ltr'><strong>adiit,</strong></span> <span class='ocrx_word' id='word_1_75' title='bbox 380 1397 554 1475; x_wconf 76' lang='lat' dir='ltr'><strong>dextrisque</strong></span> <span class='ocrx_word' id='word_1_76' title='bbox 568 1397 656 1456; x_wconf 83' lang='lat' dir='ltr'><strong>dntae.</strong></span> <span class='ocrx_word' id='word_1_77' title='bbox 699 1397 839 1454; x_wconf 90' lang='lat' dir='ltr'><strong>Sulmone</strong></span> <span class='ocrx_word' id='word_1_78' title='bbox 854 1404 972 1454; x_wconf 88' lang='lat' dir='ltr'><strong>creatos</strong></span> 
     </span>
    </p>

    <p class='ocr_par' dir='ltr' id='par_1_5' title="bbox 118 1488 1009 1664">
     <span class='ocr_line' id='line_1_12' title="bbox 118 1488 1009 1567; baseline -0.009 -12"><span class='ocrx_word' id='word_1_79' title='bbox 118 1544 121 1555; x_wconf 93' lang='lat'><em>.</em></span> <span class='ocrx_word' id='word_1_80' title='bbox 179 1491 319 1560; x_wconf 81' lang='lat' dir='ltr'><strong>Quatuor</strong></span> <span class='ocrx_word' id='word_1_81' title='bbox 332 1491 381 1550; x_wconf 88' lang='lat' dir='ltr'><strong>bic</strong></span> <span class='ocrx_word' id='word_1_82' title='bbox 390 1493 529 1567; x_wconf 87' lang='lat' dir='ltr'><strong>juvenes,</strong></span> <span class='ocrx_word' id='word_1_83' title='bbox 544 1491 677 1562; x_wconf 88' lang='lat' dir='ltr'><strong>totidem,</strong></span> <span class='ocrx_word' id='word_1_84' title='bbox 694 1510 769 1566; x_wconf 92' lang='lat' dir='ltr'><strong>quos</strong></span> <span class='ocrx_word' id='word_1_85' title='bbox 782 1490 891 1548; x_wconf 85' lang='lat' dir='ltr'><strong>educat</strong></span> <span class='ocrx_word' id='word_1_86' title='bbox 904 1488 1009 1561; x_wconf 83' lang='lat' dir='ltr'><strong>Ufens,</strong></span> 
     </span>
     <span class='ocr_line' id='line_1_13' title="bbox 179 1585 934 1664; baseline 0 -21"><span class='ocrx_word' id='word_1_87' title='bbox 179 1585 325 1644; x_wconf 84' lang='lat' dir='ltr'><strong>Viventes</strong></span> <span class='ocrx_word' id='word_1_88' title='bbox 339 1587 426 1664; x_wconf 90' lang='lat' dir='ltr'><strong>rapit,</strong></span> <span class='ocrx_word' id='word_1_89' title='bbox 444 1586 565 1644; x_wconf 83' lang='lat' dir='ltr'><strong>inferias</strong></span> <span class='ocrx_word' id='word_1_90' title='bbox 580 1605 654 1663; x_wconf 89' lang='lat' dir='ltr'><strong>quos</strong></span> <span class='ocrx_word' id='word_1_91' title='bbox 669 1586 798 1643; x_wconf 89' lang='lat' dir='ltr'><strong>immolet</strong></span> <span class='ocrx_word' id='word_1_92' title='bbox 812 1585 934 1655; x_wconf 89' lang='lat' dir='ltr'><strong>umbris,</strong></span> 
     </span>
    </p>

    <p class='ocr_par' dir='ltr' id='par_1_6' title="bbox 179 1678 939 1758">
     <span class='ocr_line' id='line_1_14' title="bbox 179 1678 939 1758; baseline 0 -20"><span class='ocrx_word' id='word_1_93' title='bbox 179 1678 368 1758; x_wconf 71' lang='lat' dir='ltr'><strong>Captivoque</strong></span> <span class='ocrx_word' id='word_1_94' title='bbox 383 1680 450 1758; x_wconf 85' lang='lat' dir='ltr'><strong>rogi</strong></span> <span class='ocrx_word' id='word_1_95' title='bbox 464 1679 621 1758; x_wconf 84' lang='lat' dir='ltr'><strong>perfundat</strong></span> <span class='ocrx_word' id='word_1_96' title='bbox 635 1679 782 1757; x_wconf 77' lang='lat' dir='ltr'><strong>sanguine</strong></span> <span class='ocrx_word' id='word_1_97' title='bbox 796 1679 939 1738; x_wconf 88' lang='lat' dir='ltr'><strong>flammas.</strong></span> 
     </span>
    </p>

    <p class='ocr_par' dir='ltr' id='par_1_7' title="bbox 180 1773 1000 1853">
     <span class='ocr_line' id='line_1_15' title="bbox 180 1773 1000 1853; baseline 0 -21"><span class='ocrx_word' id='word_1_98' title='bbox 180 1773 253 1833; x_wconf 89' lang='lat' dir='ltr'><strong>Inde</strong></span> <span class='ocrx_word' id='word_1_99' title='bbox 268 1774 362 1853; x_wconf 81' lang='lat' dir='ltr'><strong>Mago</strong></span> <span class='ocrx_word' id='word_1_100' title='bbox 376 1774 480 1852; x_wconf 91' lang='lat' dir='ltr'><strong>procul</strong></span> <span class='ocrx_word' id='word_1_101' title='bbox 493 1774 640 1832; x_wconf 82' lang='lat' dir='ltr'><strong>insensum</strong></span> <span class='ocrx_word' id='word_1_102' title='bbox 654 1773 848 1832; x_wconf 88' lang='lat' dir='ltr'><strong>contenderat</strong></span> <span class='ocrx_word' id='word_1_103' title='bbox 862 1774 979 1832; x_wconf 86' lang='lat' dir='ltr'><strong>hastam</strong></span> <span class='ocrx_word' id='word_1_104' title='bbox 991 1791 1000 1844; x_wconf 85' lang='lat'>;</span> 
     </span>
    </p>

    <p class='ocr_par' dir='ltr' id='par_1_8' title="bbox 179 1868 987 1945">
     <span class='ocr_line' id='line_1_16' title="bbox 179 1868 987 1945; baseline -0.001 -18"><span class='ocrx_word' id='word_1_105' title='bbox 179 1868 235 1927; x_wconf 89' lang='lat' dir='ltr'><strong>Ille</strong></span> <span class='ocrx_word' id='word_1_106' title='bbox 250 1877 316 1927; x_wconf 87' lang='lat' dir='ltr'><strong>astu</strong></span> <span class='ocrx_word' id='word_1_107' title='bbox 330 1868 419 1939; x_wconf 87' lang='lat' dir='ltr'><strong>subit,</strong></span> <span class='ocrx_word' id='word_1_108' title='bbox 436 1886 473 1924; x_wconf 86' lang='lat' dir='ltr'><strong>nc</strong></span> <span class='ocrx_word' id='word_1_109' title='bbox 484 1869 681 1925; x_wconf 88' lang='lat' dir='ltr'><strong>tremebunda</strong></span> <span class='ocrx_word' id='word_1_110' title='bbox 695 1868 865 1945; x_wconf 87' lang='lat' dir='ltr'><strong>supervolat</strong></span> <span class='ocrx_word' id='word_1_111' title='bbox 881 1869 987 1926; x_wconf 87' lang='lat' dir='ltr'><strong>basta:</strong></span> 
     </span>
    </p>

    <p class='ocr_par' dir='ltr' id='par_1_9' title="bbox 178 1961 900 2041">
     <span class='ocr_line' id='line_1_17' title="bbox 178 1961 900 2041; baseline -0.004 -20"><span class='ocrx_word' id='word_1_112' title='bbox 178 1962 219 2022; x_wconf 88' lang='lat' dir='ltr'><strong>Et</strong></span> <span class='ocrx_word' id='word_1_113' title='bbox 233 1982 334 2041; x_wconf 82' lang='lat' dir='ltr'><strong>genua</strong></span> <span class='ocrx_word' id='word_1_114' title='bbox 349 1962 532 2039; x_wconf 86' lang='lat' dir='ltr'><strong>amplectens</strong></span> <span class='ocrx_word' id='word_1_115' title='bbox 546 1961 654 2019; x_wconf 85' lang='lat' dir='ltr'><strong>effatur</strong></span> <span class='ocrx_word' id='word_1_116' title='bbox 667 1962 739 2018; x_wconf 86' lang='lat' dir='ltr'><strong>talia</strong></span> <span class='ocrx_word' id='word_1_117' title='bbox 752 1963 876 2040; x_wconf 80' lang='lat' dir='ltr'><strong>supplex</strong></span> <span class='ocrx_word' id='word_1_118' title='bbox 892 1981 900 2030; x_wconf 73' lang='grc' dir='ltr'>ς</span> 
     </span>
    </p>

    <p class='ocr_par' dir='ltr' id='par_1_10' title="bbox 178 2055 900 2134">
     <span class='ocr_line' id='line_1_18' title="bbox 178 2055 900 2134; baseline -0.003 -20"><span class='ocrx_word' id='word_1_119' title='bbox 178 2056 239 2115; x_wconf 91' lang='lat' dir='ltr'><strong>Per</strong></span> <span class='ocrx_word' id='word_1_120' title='bbox 254 2056 365 2134; x_wconf 89' lang='lat' dir='ltr'><strong>patrios</strong></span> <span class='ocrx_word' id='word_1_121' title='bbox 380 2056 499 2127; x_wconf 87' lang='lat' dir='ltr'><strong>Manes,</strong></span> <span class='ocrx_word' id='word_1_122' title='bbox 517 2074 570 2132; x_wconf 91' lang='lat' dir='ltr'><strong>per</strong></span> <span class='ocrx_word' id='word_1_123' title='bbox 584 2074 653 2133; x_wconf 93' lang='lat' dir='ltr'><strong>spes</strong></span> <span class='ocrx_word' id='word_1_124' title='bbox 667 2057 818 2132; x_wconf 86' lang='lat' dir='ltr'><strong>surgentis</strong></span> <span class='ocrx_word' id='word_1_125' title='bbox 832 2055 900 2126; x_wconf 90' lang='lat' dir='ltr'><strong>Iuli,</strong></span> 
     </span>
    </p>

    <p class='ocr_par' dir='ltr' id='par_1_11' title="bbox 118 2146 1015 2228">
     <span class='ocr_line' id='line_1_19' title="bbox 118 2146 1015 2228; baseline -0.001 -20"><span class='ocrx_word' id='word_1_126' title='bbox 118 2146 122 2160; x_wconf 85' lang='lat'>&#39;</span> <span class='ocrx_word' id='word_1_127' title='bbox 177 2146 225 2208; x_wconf 83' lang='lat' dir='ltr'><strong>&#39;l&#39;a</strong></span> <span class='ocrx_word' id='word_1_128' title='bbox 240 2170 356 2228; x_wconf 88' lang='lat' dir='ltr'><strong>precor,</strong></span> <span class='ocrx_word' id='word_1_129' title='bbox 372 2150 449 2208; x_wconf 89' lang='lat' dir='ltr'><strong>banc</strong></span> <span class='ocrx_word' id='word_1_130' title='bbox 464 2150 593 2208; x_wconf 85' lang='lat' dir='ltr'><strong>animam</strong></span> <span class='ocrx_word' id='word_1_131' title='bbox 607 2169 710 2207; x_wconf 87' lang='lat' dir='ltr'><strong>serves</strong></span> <span class='ocrx_word' id='word_1_132' title='bbox 724 2158 853 2226; x_wconf 85' lang='lat' dir='ltr'><strong>natoque</strong></span> <span class='ocrx_word' id='word_1_133' title='bbox 868 2149 1015 2227; x_wconf 86' lang='lat' dir='ltr'><strong>patrique.</strong></span> 
     </span>
    </p>

    <p class='ocr_par' dir='ltr' id='par_1_12' title="bbox 178 2244 963 2320">
     <span class='ocr_line' id='line_1_20' title="bbox 178 2244 963 2320; baseline -0.003 -16"><span class='ocrx_word' id='word_1_134' title='bbox 178 2244 235 2304; x_wconf 86' lang='lat' dir='ltr'><strong>Est</strong></span> <span class='ocrx_word' id='word_1_135' title='bbox 249 2244 354 2303; x_wconf 88' lang='lat' dir='ltr'><strong>domus</strong></span> <span class='ocrx_word' id='word_1_136' title='bbox 367 2245 428 2302; x_wconf 88' lang='lat' dir='ltr'><strong>alta</strong></span> <span class='ocrx_word' id='word_1_137' title='bbox 442 2263 450 2312; x_wconf 90' lang='lat'>;</span> <span class='ocrx_word' id='word_1_138' title='bbox 468 2244 572 2319; x_wconf 86' lang='lat' dir='ltr'><strong>jacent</strong></span> <span class='ocrx_word' id='word_1_139' title='bbox 586 2245 703 2320; x_wconf 86' lang='lat' dir='ltr'><strong>penitirs</strong></span> <span class='ocrx_word' id='word_1_140' title='bbox 716 2244 837 2301; x_wconf 90' lang='lat' dir='ltr'><strong>desossa</strong></span> <span class='ocrx_word' id='word_1_141' title='bbox 848 2245 963 2303; x_wconf 82' lang='lat' dir='ltr'><strong>talenta</strong></span> 
     </span>
    </p>

    <p class='ocr_par' dir='ltr' id='par_1_13' title="bbox 180 2337 851 2415">
     <span class='ocr_line' id='line_1_21' title="bbox 180 2337 851 2415; baseline -0.003 -19"><span class='ocrx_word' id='word_1_142' title='bbox 180 2337 289 2397; x_wconf 86' lang='lat' dir='ltr'><strong>Caelati</strong></span> <span class='ocrx_word' id='word_1_143' title='bbox 304 2339 421 2415; x_wconf 79' lang='lat' dir='ltr'><strong>argenti</strong></span> <span class='ocrx_word' id='word_1_144' title='bbox 435 2356 443 2405; x_wconf 90' lang='lat'>;</span> <span class='ocrx_word' id='word_1_145' title='bbox 467 2346 535 2394; x_wconf 93' lang='lat' dir='ltr'><strong>sunt</strong></span> <span class='ocrx_word' id='word_1_146' title='bbox 549 2338 615 2394; x_wconf 91' lang='lat' dir='ltr'><strong>auri</strong></span> <span class='ocrx_word' id='word_1_147' title='bbox 630 2337 761 2415; x_wconf 89' lang='lat' dir='ltr'><strong>pondera</strong></span> <span class='ocrx_word' id='word_1_148' title='bbox 779 2338 851 2395; x_wconf 86' lang='lat' dir='ltr'><strong>sacti</strong></span> 
     </span>
    </p>

    <p class='ocr_par' dir='ltr' id='par_1_14' title="bbox 179 2430 923 2508">
     <span class='ocr_line' id='line_1_22' title="bbox 179 2430 923 2508; baseline -0.001 -18"><span class='ocrx_word' id='word_1_149' title='bbox 179 2431 346 2508; x_wconf 87' lang='lat' dir='ltr'><strong>Insectique</strong></span> <span class='ocrx_word' id='word_1_150' title='bbox 361 2431 440 2490; x_wconf 90' lang='lat' dir='ltr'><strong>mibi.</strong></span> <span class='ocrx_word' id='word_1_151' title='bbox 483 2432 512 2488; x_wconf 93' lang='lat' dir='ltr'><strong>N</strong></span> <span class='ocrx_word' id='word_1_152' title='bbox 515 2451 552 2488; x_wconf 92' lang='lat' dir='ltr'><strong>on</strong></span> <span class='ocrx_word' id='word_1_153' title='bbox 567 2431 616 2489; x_wconf 90' lang='lat' dir='ltr'><strong>bic</strong></span> <span class='ocrx_word' id='word_1_154' title='bbox 630 2432 756 2489; x_wconf 81' lang='lat' dir='ltr'><strong>victoria</strong></span> <span class='ocrx_word' id='word_1_155' title='bbox 770 2430 923 2489; x_wconf 78' lang='lat' dir='ltr'><strong>Teucrum</strong></span> 
     </span>
    </p>

    <p class='ocr_par' dir='ltr' id='par_1_15' title="bbox 178 2524 960 2597">
     <span class='ocr_line' id='line_1_23' title="bbox 178 2524 960 2597; baseline 0.004 -15"><span class='ocrx_word' id='word_1_156' title='bbox 178 2524 325 2597; x_wconf 85' lang='lat' dir='ltr'><strong>Vertitur,</strong></span> <span class='ocrx_word' id='word_1_157' title='bbox 342 2535 391 2584; x_wconf 91' lang='lat' dir='ltr'><strong>aut</strong></span> <span class='ocrx_word' id='word_1_158' title='bbox 406 2527 504 2583; x_wconf 86' lang='lat' dir='ltr'><strong>anima</strong></span> <span class='ocrx_word' id='word_1_159' title='bbox 518 2546 578 2584; x_wconf 90' lang='lat' dir='ltr'><strong>una</strong></span> <span class='ocrx_word' id='word_1_160' title='bbox 592 2526 672 2583; x_wconf 92' lang='lat' dir='ltr'><strong>dabit</strong></span> <span class='ocrx_word' id='word_1_161' title='bbox 686 2526 856 2585; x_wconf 88' lang='lat' dir='ltr'><strong>discrimina</strong></span> <span class='ocrx_word' id='word_1_162' title='bbox 868 2535 960 2585; x_wconf 78' lang='lat' dir='ltr'><strong>tante.</strong></span> 
     </span>
    </p>

    <p class='ocr_par' dir='ltr' id='par_1_16' title="bbox 177 2617 873 2679">
     <span class='ocr_line' id='line_1_24' title="bbox 177 2617 873 2679; baseline -0.001 -1"><span class='ocrx_word' id='word_1_163' title='bbox 177 2617 313 2678; x_wconf 81' lang='lat' dir='ltr'><strong>Dixerat.</strong></span> <span class='ocrx_word' id='word_1_164' title='bbox 356 2620 476 2676; x_wconf 88' lang='lat' dir='ltr'><strong>AEneas</strong></span> <span class='ocrx_word' id='word_1_165' title='bbox 490 2620 597 2677; x_wconf 79' lang='lat' dir='ltr'><strong>contrd</strong></span> <span class='ocrx_word' id='word_1_166' title='bbox 610 2621 659 2677; x_wconf 90' lang='lat' dir='ltr'><strong>cui</strong></span> <span class='ocrx_word' id='word_1_167' title='bbox 673 2622 745 2677; x_wconf 90' lang='lat' dir='ltr'><strong>talia</strong></span> <span class='ocrx_word' id='word_1_168' title='bbox 758 2622 853 2679; x_wconf 82' lang='lat' dir='ltr'><strong>reddit</strong></span> <span class='ocrx_word' id='word_1_169' title='bbox 867 2640 873 2677; x_wconf 93' lang='lat'><strong>:</strong></span> 
     </span>
    </p>

    <p class='ocr_par' dir='ltr' id='par_1_17' title="bbox 178 2712 976 2791">
     <span class='ocr_line' id='line_1_25' title="bbox 178 2712 976 2791; baseline 0.003 -20"><span class='ocrx_word' id='word_1_170' title='bbox 178 2712 307 2791; x_wconf 86' lang='lat' dir='ltr'><strong>Argenti</strong></span> <span class='ocrx_word' id='word_1_171' title='bbox 320 2721 410 2789; x_wconf 89' lang='lat' dir='ltr'><strong>atque</strong></span> <span class='ocrx_word' id='word_1_172' title='bbox 426 2713 491 2770; x_wconf 87' lang='lat' dir='ltr'><strong>auri</strong></span> <span class='ocrx_word' id='word_1_173' title='bbox 504 2732 652 2771; x_wconf 88' lang='lat' dir='ltr'><strong>memoras</strong></span> <span class='ocrx_word' id='word_1_174' title='bbox 666 2734 733 2790; x_wconf 83' lang='lat' dir='ltr'><strong>qum</strong></span> <span class='ocrx_word' id='word_1_175' title='bbox 747 2717 840 2773; x_wconf 85' lang='lat' dir='ltr'><strong>multa</strong></span> <span class='ocrx_word' id='word_1_176' title='bbox 853 2716 976 2786; x_wconf 85' lang='lat' dir='ltr'><strong>talenta,</strong></span> 
     </span>
    </p>

    <p class='ocr_par' dir='ltr' id='par_1_18' title="bbox 178 2806 909 2884">
     <span class='ocr_line' id='line_1_26' title="bbox 178 2806 909 2884; baseline 0.003 -19"><span class='ocrx_word' id='word_1_177' title='bbox 178 2806 286 2866; x_wconf 87' lang='lat' dir='ltr'><strong>Gnatis</strong></span> <span class='ocrx_word' id='word_1_178' title='bbox 301 2826 391 2884; x_wconf 89' lang='lat' dir='ltr'><strong>parce</strong></span> <span class='ocrx_word' id='word_1_179' title='bbox 405 2808 485 2865; x_wconf 89' lang='lat' dir='ltr'><strong>tuis:</strong></span> <span class='ocrx_word' id='word_1_180' title='bbox 509 2808 579 2865; x_wconf 93' lang='lat' dir='ltr'><strong>belli</strong></span> <span class='ocrx_word' id='word_1_181' title='bbox 594 2809 774 2866; x_wconf 89' lang='lat' dir='ltr'><strong>commercia</strong></span> <span class='ocrx_word' id='word_1_182' title='bbox 787 2809 909 2868; x_wconf 87' lang='lat' dir='ltr'><strong>Turnus</strong></span> 
     </span>
    </p>

    <p class='ocr_par' dir='ltr' id='par_1_19' title="bbox 179 2901 955 2981">
     <span class='ocr_line' id='line_1_27' title="bbox 179 2901 955 2981; baseline 0.004 -22"><span class='ocrx_word' id='word_1_183' title='bbox 179 2902 303 2960; x_wconf 85' lang='lat' dir='ltr'><strong>Sustulit</strong></span> <span class='ocrx_word' id='word_1_184' title='bbox 317 2901 374 2959; x_wconf 88' lang='lat' dir='ltr'><strong>ista</strong></span> <span class='ocrx_word' id='word_1_185' title='bbox 388 2903 478 2978; x_wconf 89' lang='lat' dir='ltr'><strong>prior,</strong></span> <span class='ocrx_word' id='word_1_186' title='bbox 491 2902 554 2977; x_wconf 89' lang='lat' dir='ltr'><strong>jam</strong></span> <span class='ocrx_word' id='word_1_187' title='bbox 567 2910 630 2960; x_wconf 85' lang='lat' dir='ltr'><strong>tum</strong></span> <span class='ocrx_word' id='word_1_188' title='bbox 643 2903 778 2961; x_wconf 82' lang='lat' dir='ltr'><strong>Pallante</strong></span> <span class='ocrx_word' id='word_1_189' title='bbox 794 2912 955 2981; x_wconf 87' lang='lat' dir='ltr'><strong>perempto.</strong></span> 
     </span>
    </p>

    <p class='ocr_par' dir='ltr' id='par_1_20' title="bbox 177 2994 931 3072">
     <span class='ocr_line' id='line_1_28' title="bbox 177 2994 931 3072; baseline 0.004 -19"><span class='ocrx_word' id='word_1_190' title='bbox 177 2994 249 3053; x_wconf 90' lang='lat' dir='ltr'><strong>Hoc</strong></span> <span class='ocrx_word' id='word_1_191' title='bbox 264 2995 356 3072; x_wconf 88' lang='lat' dir='ltr'><strong>patris</strong></span> <span class='ocrx_word' id='word_1_192' title='bbox 370 2996 511 3054; x_wconf 76' lang='lat' dir='ltr'><strong>Anchisae</strong></span> <span class='ocrx_word' id='word_1_193' title='bbox 525 2996 644 3066; x_wconf 84' lang='lat' dir='ltr'><strong>Manes,</strong></span> <span class='ocrx_word' id='word_1_194' title='bbox 662 2996 718 3055; x_wconf 90' lang='lat' dir='ltr'><strong>boc</strong></span> <span class='ocrx_word' id='word_1_195' title='bbox 733 2998 821 3054; x_wconf 88' lang='lat' dir='ltr'><strong>sentit</strong></span> <span class='ocrx_word' id='word_1_196' title='bbox 840 2997 931 3056; x_wconf 87' lang='lat' dir='ltr'><strong>Iulus.</strong></span> 
     </span>
    </p>

    <p class='ocr_par' dir='ltr' id='par_1_21' title="bbox 177 3089 1168 3261">
     <span class='ocr_line' id='line_1_29' title="bbox 177 3089 1168 3168; baseline 0.003 -21"><span class='ocrx_word' id='word_1_197' title='bbox 177 3089 228 3147; x_wconf 86' lang='lat' dir='ltr'><strong>Sic</strong></span> <span class='ocrx_word' id='word_1_198' title='bbox 243 3090 331 3160; x_wconf 86' lang='lat' dir='ltr'><strong>satus,</strong></span> <span class='ocrx_word' id='word_1_199' title='bbox 348 3090 466 3168; x_wconf 87' lang='lat' dir='ltr'><strong>galeam</strong></span> <span class='ocrx_word' id='word_1_200' title='bbox 482 3089 558 3148; x_wconf 71' lang='lat' dir='ltr'><strong>laevi</strong></span> <span class='ocrx_word' id='word_1_201' title='bbox 572 3099 663 3161; x_wconf 87' lang='lat' dir='ltr'><strong>tenet,</strong></span> <span class='ocrx_word' id='word_1_202' title='bbox 680 3099 769 3165; x_wconf 88' lang='lat' dir='ltr'><strong>atque</strong></span> <span class='ocrx_word' id='word_1_203' title='bbox 784 3090 898 3149; x_wconf 71' lang='lat' dir='ltr'><strong>reflexi</strong></span> <span class='ocrx_word' id='word_1_204' title='bbox 1106 3090 1168 3150; x_wconf 76' lang='lat'><strong>5³6</strong></span> 
     </span>
     <span class='ocr_line' id='line_1_30' title="bbox 179 3181 926 3261; baseline 0.001 -19"><span class='ocrx_word' id='word_1_205' title='bbox 179 3181 307 3242; x_wconf 84' lang='lat' dir='ltr'><strong>Cervicc</strong></span> <span class='ocrx_word' id='word_1_206' title='bbox 322 3184 434 3241; x_wconf 88' lang='lat' dir='ltr'><strong>orantis</strong></span> <span class='ocrx_word' id='word_1_207' title='bbox 449 3185 657 3261; x_wconf 89' lang='lat' dir='ltr'><strong>capulotenus</strong></span> <span class='ocrx_word' id='word_1_208' title='bbox 672 3184 800 3260; x_wconf 89' lang='lat' dir='ltr'><strong>applicat</strong></span> <span class='ocrx_word' id='word_1_209' title='bbox 815 3204 926 3244; x_wconf 87' lang='lat' dir='ltr'><strong>ensem.</strong></span> 
     </span>
    </p>

    <p class='ocr_par' dir='ltr' id='par_1_22' title="bbox 177 3275 1059 3447">
     <span class='ocr_line' id='line_1_31' title="bbox 177 3275 1059 3354; baseline 0.003 -21"><span class='ocrx_word' id='word_1_210' title='bbox 177 3275 205 3333; x_wconf 91' lang='lat' dir='ltr'>N</span> <span class='ocrx_word' id='word_1_211' title='bbox 209 3295 244 3333; x_wconf 92' lang='lat' dir='ltr'><strong>ec</strong></span> <span class='ocrx_word' id='word_1_212' title='bbox 260 3277 363 3352; x_wconf 92' lang='lat' dir='ltr'><strong>procul</strong></span> <span class='ocrx_word' id='word_1_213' title='bbox 379 3276 582 3347; x_wconf 87' lang='lat' dir='ltr'><strong>Haemonides,</strong></span> <span class='ocrx_word' id='word_1_214' title='bbox 599 3277 706 3335; x_wconf 84' lang='lat' dir='ltr'><strong>Phoebi</strong></span> <span class='ocrx_word' id='word_1_215' title='bbox 720 3277 891 3354; x_wconf 78' lang='lat' dir='ltr'><strong>Triviaeque</strong></span> <span class='ocrx_word' id='word_1_216' title='bbox 906 3277 1059 3349; x_wconf 82' lang='lat' dir='ltr'><strong>sacerdos,</strong></span> 
     </span>
     <span class='ocr_line' id='line_1_32' title="bbox 177 3367 858 3447; baseline 0.004 -21"><span class='ocrx_word' id='word_1_217' title='bbox 177 3367 276 3426; x_wconf 83' lang='lat' dir='ltr'><strong>Insula</strong></span> <span class='ocrx_word' id='word_1_218' title='bbox 290 3370 339 3426; x_wconf 89' lang='lat' dir='ltr'><strong>cui</strong></span> <span class='ocrx_word' id='word_1_219' title='bbox 353 3368 443 3426; x_wconf 68' lang='lat' dir='ltr'><strong>sacri</strong></span> <span class='ocrx_word' id='word_1_220' title='bbox 456 3369 613 3428; x_wconf 78' lang='lat' dir='ltr'><strong>redimibat</strong></span> <span class='ocrx_word' id='word_1_221' title='bbox 626 3381 760 3447; x_wconf 90' lang='lat' dir='ltr'><strong>tempora</strong></span> <span class='ocrx_word' id='word_1_222' title='bbox 775 3370 858 3442; x_wconf 73' lang='lat' dir='ltr'><strong>vittis,</strong></span> 
     </span>
    </p>

    <p class='ocr_par' dir='ltr' id='par_1_23' title="bbox 176 3460 948 3541">
     <span class='ocr_line' id='line_1_33' title="bbox 176 3460 948 3541; baseline 0.006 -22"><span class='ocrx_word' id='word_1_223' title='bbox 176 3460 273 3520; x_wconf 89' lang='lat' dir='ltr'><strong>Totus</strong></span> <span class='ocrx_word' id='word_1_224' title='bbox 287 3464 439 3520; x_wconf 87' lang='lat' dir='ltr'><strong>collucens</strong></span> <span class='ocrx_word' id='word_1_225' title='bbox 454 3472 537 3520; x_wconf 86' lang='lat' dir='ltr'><strong>veste</strong></span> <span class='ocrx_word' id='word_1_226' title='bbox 553 3472 641 3539; x_wconf 90' lang='lat' dir='ltr'><strong>atque</strong></span> <span class='ocrx_word' id='word_1_227' title='bbox 657 3465 822 3541; x_wconf 83' lang='lat' dir='ltr'><strong>insignibus</strong></span> <span class='ocrx_word' id='word_1_228' title='bbox 836 3467 948 3535; x_wconf 87' lang='lat' dir='ltr'><strong>armis;</strong></span> 
     </span>
    </p>

    <p class='ocr_par' dir='ltr' id='par_1_24' title="bbox 176 3555 1167 3729">
     <span class='ocr_line' id='line_1_34' title="bbox 176 3555 1167 3637; baseline 0.005 -23"><span class='ocrx_word' id='word_1_229' title='bbox 176 3555 275 3623; x_wconf 78' lang='lat' dir='ltr'><strong>Quem</strong></span> <span class='ocrx_word' id='word_1_230' title='bbox 291 3575 472 3633; x_wconf 85' lang='lat' dir='ltr'><strong>congressus</strong></span> <span class='ocrx_word' id='word_1_231' title='bbox 487 3557 548 3634; x_wconf 85' lang='lat' dir='ltr'><strong>agit</strong></span> <span class='ocrx_word' id='word_1_232' title='bbox 563 3577 678 3634; x_wconf 90' lang='lat' dir='ltr'><strong>campo,</strong></span> <span class='ocrx_word' id='word_1_233' title='bbox 695 3559 870 3636; x_wconf 89' lang='lat' dir='ltr'><strong>lapsumque</strong></span> <span class='ocrx_word' id='word_1_234' title='bbox 884 3569 1059 3637; x_wconf 76' lang='lat' dir='ltr'><strong>superstans</strong></span> <span class='ocrx_word' id='word_1_235' title='bbox 1106 3558 1167 3619; x_wconf 73' lang='lat'><strong>640</strong></span> 
     </span>
     <span class='ocr_line' id='line_1_35' title="bbox 176 3649 1002 3729; baseline 0.007 -23"><span class='ocrx_word' id='word_1_236' title='bbox 176 3649 322 3720; x_wconf 84' lang='lat' dir='ltr'><strong>Immolet,</strong></span> <span class='ocrx_word' id='word_1_237' title='bbox 339 3650 511 3728; x_wconf 82' lang='lat' dir='ltr'><strong>ingentique</strong></span> <span class='ocrx_word' id='word_1_238' title='bbox 525 3650 631 3709; x_wconf 69' lang='lat' dir='ltr'><strong>umbri</strong></span> <span class='ocrx_word' id='word_1_239' title='bbox 644 3652 718 3729; x_wconf 86' lang='lat' dir='ltr'><strong>tegit</strong></span> <span class='ocrx_word' id='word_1_240' title='bbox 733 3672 740 3721; x_wconf 89' lang='grc'><strong>;</strong></span> <span class='ocrx_word' id='word_1_241' title='bbox 765 3673 849 3711; x_wconf 88' lang='lat' dir='ltr'><strong>arma</strong></span> <span class='ocrx_word' id='word_1_242' title='bbox 863 3656 1002 3712; x_wconf 88' lang='lat' dir='ltr'><strong>Serestus</strong></span> 
     </span>
    </p>

    <p class='ocr_par' dir='ltr' id='par_1_25' title="bbox 175 3743 1007 3917">
     <span class='ocr_line' id='line_1_36' title="bbox 175 3743 1007 3827; baseline 0.01 -25"><span class='ocrx_word' id='word_1_243' title='bbox 175 3743 273 3803; x_wconf 90' lang='lat' dir='ltr'><strong>Lecta</strong></span> <span class='ocrx_word' id='word_1_244' title='bbox 285 3744 376 3802; x_wconf 89' lang='lat' dir='ltr'><strong>resert</strong></span> <span class='ocrx_word' id='word_1_245' title='bbox 391 3745 531 3817; x_wconf 89' lang='lat' dir='ltr'><strong>humeris,</strong></span> <span class='ocrx_word' id='word_1_246' title='bbox 547 3747 610 3816; x_wconf 90' lang='lat' dir='ltr'><strong>tibi,</strong></span> <span class='ocrx_word' id='word_1_247' title='bbox 628 3766 680 3803; x_wconf 88' lang='lat' dir='ltr'><strong>rex</strong></span> <span class='ocrx_word' id='word_1_248' title='bbox 694 3748 838 3819; x_wconf 83' lang='lat' dir='ltr'><strong>Gradive,</strong></span> <span class='ocrx_word' id='word_1_249' title='bbox 854 3759 1007 3827; x_wconf 80' lang='lat' dir='ltr'><strong>tropaeum.</strong></span> 
     </span>
     <span class='ocr_line' id='line_1_37' title="bbox 176 3837 846 3917; baseline 0.01 -23"><span class='ocrx_word' id='word_1_250' title='bbox 176 3837 347 3896; x_wconf 79' lang='lat' dir='ltr'><strong>instaurant</strong></span> <span class='ocrx_word' id='word_1_251' title='bbox 362 3839 454 3910; x_wconf 87' lang='lat' dir='ltr'><strong>acies,</strong></span> <span class='ocrx_word' id='word_1_252' title='bbox 471 3839 602 3898; x_wconf 77' lang='lat' dir='ltr'><strong>Vulcani</strong></span> <span class='ocrx_word' id='word_1_253' title='bbox 617 3841 707 3917; x_wconf 90' lang='lat' dir='ltr'><strong>stirpe</strong></span> <span class='ocrx_word' id='word_1_254' title='bbox 726 3852 846 3901; x_wconf 85' lang='lat' dir='ltr'><strong>creatus</strong></span> 
     </span>
    </p>

    <p class='ocr_par' dir='ltr' id='par_1_26' title="bbox 175 3929 1164 4199">
     <span class='ocr_line' id='line_1_38' title="bbox 177 3929 996 4003; baseline 0.007 -12"><span class='ocrx_word' id='word_1_255' title='bbox 177 3929 330 4003; x_wconf 77' lang='lat' dir='ltr'><strong>Caeculus,</strong></span> <span class='ocrx_word' id='word_1_256' title='bbox 347 3941 376 3990; x_wconf 91' lang='lat' dir='ltr'><strong>et</strong></span> <span class='ocrx_word' id='word_1_257' title='bbox 391 3934 513 3992; x_wconf 86' lang='lat' dir='ltr'><strong>veniens</strong></span> <span class='ocrx_word' id='word_1_258' title='bbox 527 3934 697 3993; x_wconf 80' lang='lat' dir='ltr'><strong>Marsorum</strong></span> <span class='ocrx_word' id='word_1_259' title='bbox 712 3939 860 3996; x_wconf 84' lang='lat' dir='ltr'><strong>montibus</strong></span> <span class='ocrx_word' id='word_1_260' title='bbox 875 3938 996 3998; x_wconf 88' lang='lat' dir='ltr'><strong>Umbro.</strong></span> 
     </span>
     <span class='ocr_line' id='line_1_39' title="bbox 175 4023 1164 4104; baseline 0.009 -20"><span class='ocrx_word' id='word_1_261' title='bbox 175 4023 365 4085; x_wconf 79' lang='lat' dir='ltr'><strong>Dardanides</strong></span> <span class='ocrx_word' id='word_1_262' title='bbox 380 4028 481 4086; x_wconf 76' lang='lat' dir='ltr'><strong>contri</strong></span> <span class='ocrx_word' id='word_1_263' title='bbox 496 4029 574 4086; x_wconf 80' lang='lat' dir='ltr'><strong>furit.</strong></span> <span class='ocrx_word' id='word_1_264' title='bbox 618 4029 750 4088; x_wconf 84' lang='lat' dir='ltr'><strong>Anxuris</strong></span> <span class='ocrx_word' id='word_1_265' title='bbox 765 4051 837 4090; x_wconf 88' lang='lat' dir='ltr'><strong>ense</strong></span> <span class='ocrx_word' id='word_1_266' title='bbox 852 4034 1010 4104; x_wconf 89' lang='lat' dir='ltr'><strong>sinistram,</strong></span> <span class='ocrx_word' id='word_1_267' title='bbox 1104 4032 1164 4093; x_wconf 67' lang='grc'><strong>645</strong></span> 
     </span>
     <span class='ocr_line' id='line_1_40' title="bbox 175 4118 833 4199; baseline 0.009 -21"><span class='ocrx_word' id='word_1_268' title='bbox 175 4118 216 4178; x_wconf 81' lang='lat' dir='ltr'><strong>Et</strong></span> <span class='ocrx_word' id='word_1_269' title='bbox 230 4127 322 4178; x_wconf 90' lang='lat' dir='ltr'><strong>totum</strong></span> <span class='ocrx_word' id='word_1_270' title='bbox 334 4123 431 4199; x_wconf 88' lang='lat' dir='ltr'><strong>clypei</strong></span> <span class='ocrx_word' id='word_1_271' title='bbox 445 4123 525 4181; x_wconf 89' lang='lat' dir='ltr'><strong>serro</strong></span> <span class='ocrx_word' id='word_1_272' title='bbox 539 4122 691 4197; x_wconf 88' lang='lat' dir='ltr'><strong>dejecerat</strong></span> <span class='ocrx_word' id='word_1_273' title='bbox 706 4127 808 4183; x_wconf 89' lang='lat' dir='ltr'><strong>orbem</strong></span> <span class='ocrx_word' id='word_1_274' title='bbox 825 4146 833 4195; x_wconf 72' lang='grc' dir='ltr'><strong>ς</strong></span> 
     </span>
    </p>
   </div>
   <div class='ocr_carea' id='block_1_5' title="bbox 174 4212 1005 4296">
    <p class='ocr_par' dir='ltr' id='par_1_27' title="bbox 174 4212 1005 4296">
     <span class='ocr_line' id='line_1_41' title="bbox 174 4212 1005 4296; baseline 0.011 -23"><span class='ocrx_word' id='word_1_275' title='bbox 174 4212 302 4274; x_wconf 87' lang='lat' dir='ltr'><strong>Dixerat</strong></span> <span class='ocrx_word' id='word_1_276' title='bbox 316 4217 366 4276; x_wconf 89' lang='lat' dir='ltr'><strong>ille</strong></span> <span class='ocrx_word' id='word_1_277' title='bbox 380 4218 492 4295; x_wconf 83' lang='lat' dir='ltr'><strong>aliquid</strong></span> <span class='ocrx_word' id='word_1_278' title='bbox 505 4235 656 4296; x_wconf 78' lang='lat' dir='ltr'><strong>magnum,</strong></span> <span class='ocrx_word' id='word_1_279' title='bbox 672 4219 790 4296; x_wconf 86' lang='lat' dir='ltr'><strong>vimque</strong></span> <span class='ocrx_word' id='word_1_280' title='bbox 804 4221 899 4280; x_wconf 80' lang='lat' dir='ltr'><strong>affore</strong></span> <span class='ocrx_word' id='word_1_281' title='bbox 912 4222 1005 4282; x_wconf 83' lang='lat' dir='ltr'><strong>verba</strong></span> 
     </span>
    </p>
   </div>
   <div class='ocr_carea' id='block_1_6' title="bbox 0 0 1350 5122">
    <p class='ocr_par' dir='ltr' id='par_1_28' title="bbox 0 0 1350 5122">
     <span class='ocr_line' id='line_1_42' title="bbox 0 0 1350 5122; baseline 0 1"><span class='ocrx_word' id='word_1_282' title='bbox 0 0 1350 5122; x_wconf 95' lang='lat' dir='ltr'><strong> </strong></span> 
     </span>
    </p>
   </div>
  </div>
 </body>
</html>
