2692 5122
469 754 692 810 anonarcora
711 752 780 811 nte.
795 764 815 812 r.

141 902 195 974 At,
211 901 238 960 si
250 899 373 961 luxurii
385 899 523 960 soliorum
537 902 683 962 exuberat
697 905 813 977 umbra,

142 995 358 1073 Nequidquam
371 995 498 1075 pingues
513 994 603 1074 palad
615 1005 693 1055 terat
708 1016 781 1056 area
794 997 918 1058 culmos.

184 1090 306 1149 Semina
318 1089 381 1148 ridi
395 1090 534 1167 equidem
547 1091 657 1150 maltos
671 1091 822 1151 medicare
837 1097 984 1166 serentes,

143 1183 185 1243 Et
198 1185 277 1243 nitro
290 1184 373 1263 priias
386 1192 417 1244 et
432 1185 522 1264 nigrai
535 1186 714 1264 persuadere
728 1186 864 1260 amurca,

141 1274 296 1340 Grandior
309 1288 342 1339 ut
356 1280 446 1341 soetus
460 1281 576 1359 siliquis
590 1281 747 1341 fallacibus
761 1288 842 1341 esset
856 1300 864 1353 3
1083 1280 1140 1343 100

143 1372 196 1445 Et,
214 1375 349 1450 quamvis
363 1374 427 1455 igni
440 1375 550 1454 exiguo
562 1384 724 1454 properata
738 1377 903 1449 maderent,
981 1426 985 1434 .

144 1467 216 1526 Vidi
229 1469 310 1528 lecta
323 1469 373 1527 diu
387 1475 417 1528 et
432 1470 524 1529 multo
538 1478 674 1549 spectata
688 1471 792 1530 labore

144 1562 344 1640 Degenerare
358 1570 459 1622 tamen
476 1583 484 1635 3
507 1565 538 1623 ni
552 1564 597 1622 vis
611 1565 742 1622 bumana
756 1562 916 1641 quotannis

144 1656 280 1717 Maxima
294 1678 422 1737 qumque
435 1674 527 1718 maan
540 1660 666 1738 legeret.
709 1659 760 1718 Sic
774 1659 874 1718 omnia
887 1657 956 1719 fatis

145 1747 182 1810 ln
196 1752 280 1830 pejus
295 1772 395 1828 ruere,
410 1772 448 1812 ac
461 1763 543 1813 retro
557 1754 699 1833 sublapsa
714 1752 839 1812 referri:
1080 1754 1142 1814 200

147 1847 217 1906 Non
231 1848 328 1922 aliter,
345 1848 435 1926 quim
450 1849 501 1927 qui
515 1849 642 1908 adverso
658 1849 706 1907 vix
720 1849 841 1908 tluminc
855 1847 986 1906 lembum
1014 1856 1017 1863 '

146 1940 295 2020 Remigiis
308 1943 418 2022 subigit
435 1962 443 2014 3
467 1944 493 2002 si
507 1943 632 2002 brachia
646 1942 721 2002 forte
736 1942 860 2014 remisit,

146 2032 249 2111 Atque
263 2036 346 2095 illurn
359 2035 389 2095 in
402 2055 538 2116 praeceps
552 2056 646 2116 prono
660 2037 738 2114 rapit
752 2036 857 2095 alveus
872 2033 961 2095 amni.

185 2127 341 2189 Praeterea
356 2139 418 2190 tam
431 2140 499 2190 sunt
513 2131 636 2190 Arcturi
649 2131 749 2189 sidera
763 2130 860 2202 cobis,

147 2218 373 2302 Haedorumque
388 2224 452 2284 dies
468 2225 618 2297 servandi,
634 2234 665 2283 et
678 2224 796 2283 lucidus
810 2222 941 2303 Anguis,
1081 2224 1142 2289 005

149 2317 248 2386 Quam
262 2320 369 2397 quibus
383 2321 411 2379 in
427 2320 555 2399 patriam
568 2329 694 2379 ventosa
708 2338 762 2397 per
775 2337 899 2395 aequora
912 2318 1009 2378 vectis

148 2411 261 2472 Pontus
275 2423 305 2472 et
318 2414 450 2473 ostriferi
467 2415 573 2472 fauces
586 2421 739 2472 tentantur
752 2413 863 2490 Abydi.

147 2506 242 2565 Libra
255 2508 302 2566 die
316 2508 472 2585 somnique
487 2527 577 2586 pares
591 2507 642 2565 ubi
657 2506 762 2565 fecerit
776 2506 877 2578 horas,

149 2601 190 2659 Et
204 2602 331 2662 medium
345 2603 406 2661 luci
421 2613 512 2680 atque
527 2601 640 2660 umbris
656 2601 718 2678 jam
732 2600 834 2658 dividit
849 2602 963 2674 orbem,

148 2695 310 2769 Exerccte,
326 2696 392 2768 viri,
407 2705 522 2769 tauros,
539 2697 629 2755 serite
643 2696 758 2779 hordea
773 2694 897 2774 campis,
1082 2694 1144 2756 010

149 2788 251 2867 Usque
263 2791 322 2862 ‚sub
336 2800 502 2849 extremum
515 2791 628 2849 brumae
643 2789 842 2849 intractabilis
857 2787 990 2848 imbrem.

149 2883 217 2942 Nec
231 2904 289 2943 non
303 2893 334 2943 et
348 2885 400 2943 lini
414 2893 547 2962 segetem
562 2893 591 2942 et
606 2883 737 2944 Cereale
753 2902 885 2961 papaver

148 2979 280 3057 Tempus
294 2978 384 3038 humo
397 2984 512 3057 tegere,
529 2987 558 3037 et
574 2979 749 3055 jamdudum
765 2978 937 3036 incumbere
951 2976 1067 3051 rastris,

150 3072 230 3131 Dum
243 3071 328 3132 sicci
341 3073 448 3131 tellure
463 3073 544 3144 licet,
560 3073 631 3132 dum
646 3072 750 3131 nubila
764 3072 902 3150 pendent.

187 3167 270 3225 Vere
286 3167 362 3225 labis
375 3167 474 3226 satio:
497 3175 559 3225 tum
573 3179 603 3225 te
621 3185 752 3243 quoquc,
769 3163 903 3237 Medica,
920 3172 1024 3243 putres
1083 3165 1143 3223 915

151 3261 309 3339 Accipiunt
324 3260 410 3331 sulci,
427 3267 457 3317 et
472 3260 551 3318 milio
566 3260 646 3318 venit
661 3278 761 3317 annua
775 3277 849 3316 cura
865 3277 873 3328 3

152 3354 306 3415 Candidus
320 3353 434 3412 auratis
449 3354 545 3430 aperit
560 3371 651 3428 quam
666 3351 807 3410 cornibus
822 3368 931 3408 annum

151 3448 281 3519 Taurus,
298 3455 328 3506 et
342 3464 451 3506 averso
465 3445 577 3504 cedens
591 3444 688 3505 Canis
701 3443 810 3500 occidit
826 3451 917 3499 astro.

150 3546 191 3603 At
204 3544 230 3602 si
243 3543 391 3602 triticeam
407 3542 437 3600 ia
452 3559 580 3599 messem
594 3540 778 3614 robustaque
799 3537 880 3594 sarra

152 3635 318 3695 Exercebis
337 3636 471 3706 humum,
486 3634 618 3710 solisque
633 3619 758 3690 instabis
772 3630 871 3689 aristis
886 3648 894 3702 3
1085 3631 1145 3692 000

152 3731 229 3789 Ante
244 3731 298 3789 tibi
310 3730 385 3789 Eoae
400 3729 569 3788 Atlantides
584 3726 817 3797 abscondantur,

152 3825 327 3902 Gnosiaque
342 3824 475 3883 ardentis
489 3822 616 3882 decedat
630 3822 718 3879 stella
733 3820 874 3892 Coronae,

151 3917 262 3978 Debita
277 3918 366 3995 qudm
379 3916 471 3976 sulcis
486 3916 653 3974 committas
667 3913 793 3985 semina,
810 3912 958 3990 quimquc

153 4013 256 4072 lavitae
270 4032 414 4091 properes
428 4011 499 4069 anni
512 4030 595 4088 spem
610 4008 735 4067 credere
749 4017 849 4066 terrm.

152 4105 240 4166 Multi
253 4117 323 4166 ante
338 4124 481 4165 occasum
494 4103 586 4163 Maiae
601 4099 722 4180 coepiere
737 4120 743 4158 :
767 4100 819 4159 aad
835 4100 901 4159 illos
1085 4100 1145 4160 aab

153 4201 322 4280 Expectata
335 4220 426 4279 seges
441 4199 524 4256 vanis
538 4197 625 4256 elusit
640 4195 748 4254 aristis.

192 4296 224 4354 Si
237 4295 310 4355 verb
326 4295 492 4371 viciamque
507 4311 591 4350 seres
605 4291 753 4366 vilemque
768 4286 904 4360 faselum,

153 4390 220 4449 Nec
232 4390 402 4449 Pelusiacae
418 4406 522 4446 curam
536 4387 736 4464 aspernabere
751 4382 839 4442 lentis
856 4403 864 4454 3

153 4484 247 4543 Haud
260 4485 390 4542 obscura
403 4483 516 4541 cadens
531 4481 624 4539 mittet
638 4479 691 4537 tibi
709 4479 797 4558 signa
810 4478 923 4538 Bootes
937 4495 945 4534 t

153 4574 268 4658 Incipe,
284 4586 314 4636 et
329 4576 368 4636 ad
388 4577 502 4636 medias
515 4583 680 4636 sementem
693 4572 819 4632 extende
834 4571 966 4650 pruinas.
1086 4567 1147 4627 aab
