2692 5122
483 757 706 806 GBOBGICON
730 759 801 807 ΗΒ.
816 760 868 808 111.

182 895 351 956 Frondibus
365 879 486 956 hirsutis
500 906 529 957 et
544 899 644 957 carice
658 902 761 977 pastus
776 896 867 958 acutri
881 917 890 970 ς

181 991 222 1050 Et
234 1000 330 1051 tentat
345 1011 424 1063 sese,
440 1000 529 1069 atque
545 993 635 1051 irasci
648 994 678 1052 in
694 1013 807 1052 cornua
820 993 918 1066 discit,

182 1086 306 1144 Arboris
320 1085 447 1144 obnixus
466 1096 584 1158 trunco,
600 1095 764 1164 ventosque
779 1087 900 1146 lacessit

183 1177 305 1250 lctibus,
322 1187 352 1237 et
366 1177 474 1256 sparsis
487 1179 525 1236 ad
541 1199 672 1258 pugnam
686 1180 813 1258 proludit
827 1177 931 1239 arensi.

181 1272 262 1345 Pdst,
279 1274 330 1331 ubi
348 1273 506 1332 collectum
519 1276 610 1333 robur
623 1275 762 1351 viresque
775 1274 909 1346 resectis,
1109 1274 1169 1332 285

181 1367 273 1444 Signa
286 1375 395 1437 movet,
412 1386 607 1444 praecepsque
621 1368 744 1425 oblitum
758 1367 852 1424 fertur
865 1367 896 1425 in
909 1366 1025 1425 hostem
1040 1383 1048 1422 z

180 1459 306 1518 Fluctus
321 1459 374 1531 uti,
390 1460 487 1518 medio
501 1460 591 1537 coepit
607 1480 697 1536 quum
712 1459 867 1518 albescere
881 1465 971 1537 ponto

180 1552 325 1631 Longius,
341 1571 379 1611 ex
393 1553 512 1628 altoque
527 1553 624 1611 sinum
642 1553 732 1610 trahit
748 1573 755 1622 ;
781 1561 884 1629 utque,
901 1551 1019 1611 volutus

178 1646 225 1704 Ad
239 1655 348 1716 terras,
365 1645 491 1703 immane
506 1654 592 1703 sonat
607 1666 660 1722 per
674 1665 758 1716 saxa,
774 1665 872 1723 neque
886 1645 950 1722 ipso

179 1738 282 1797 Monte
296 1739 392 1796 minor
405 1739 571 1816 procumbit
586 1757 593 1807 ;
617 1746 647 1796 at
662 1739 721 1796 ima
733 1746 878 1796 exaestuat
892 1736 972 1796 unda
1106 1737 1167 1793 240

179 1830 363 1904 Vorticibus,
379 1831 556 1909 nigramque
570 1830 629 1888 alte
644 1830 791 1906 subjectat
805 1849 937 1889 arenam.

216 1925 311 1983 Omne
327 1923 403 1982 aded
418 1943 514 2002 genus
527 1925 558 1982 in
572 1925 659 1982 terris
673 1924 894 2001 hominumque,
911 1923 1112 2000 ferarumque,

176 2017 216 2076 Et
229 2036 326 2095 genus
340 2036 521 2093 aequoreum,
536 2017 677 2095 pecudes,
694 2017 841 2093 pictaeque
855 2017 1003 2088 volucres,

177 2107 211 2167 In
225 2109 317 2167 suria·
332 2109 491 2187 ignemque
507 2117 596 2167 ruunt
610 2127 617 2165 ε
641 2128 724 2167 amor
737 2109 872 2167 omnibus
886 2108 974 2168 idem.

175 2201 326 2280 Tempore
340 2221 400 2259 non
414 2202 470 2260 alio
485 2203 652 2261 catulorum
665 2202 757 2259 oblita
770 2202 867 2260 leaena
1104 2201 1164 2260 245

178 2294 289 2353 Saevior
304 2294 414 2352 erravit
428 2294 540 2371 campis
556 2312 563 2351 :
586 2313 644 2352 nec
658 2293 764 2351 funera
777 2293 867 2371 vulgd

175 2388 252 2447 Tam
266 2388 359 2446 multa
372 2387 513 2445 informes
527 2387 589 2445 ursi
603 2396 794 2464 stragemque
808 2383 919 2446 dedere

175 2480 234 2541 Per
247 2482 338 2539 silvas
353 2499 360 2537 τ
383 2489 447 2537 tum
460 2499 558 2538 saevus
573 2498 657 2556 aper,
671 2488 734 2536 tum
747 2478 876 2554 pessima
887 2477 993 2556 tigris3

177 2575 250 2633 Heu
266 2578 272 2632 !
294 2575 371 2632 male
386 2584 449 2633 tum
462 2573 568 2650 Libyae
583 2573 655 2631 solis
668 2580 786 2631 erratur
800 2572 829 2629 in
844 2572 935 2650 agris.

177 2669 283 2727 Nonne
299 2667 392 2739 vides,
409 2676 440 2725 ut
454 2677 518 2726 tota
529 2675 642 2724 tremor
655 2673 801 2742 pertentet
816 2684 960 2741 equorum
1105 2667 1164 2723 250

176 2760 321 2838 Corpora,
338 2761 364 2819 si
383 2761 498 2819 tantbm
511 2767 597 2818 notas
611 2759 685 2817 odor
698 2758 795 2816 attulit
811 2778 900 2817 auras
914 2758 925 2815 ?

175 2855 221 2913 Ac
235 2873 333 2930 neque
348 2873 400 2911 eos
416 2854 480 2929 jam
492 2853 586 2911 fraena
600 2849 704 2923 virum,
721 2871 820 2927 neque
835 2853 962 2910 verbera
975 2870 1068 2925 saeva,

175 2947 243 3005 Non
257 2947 383 3024 scopuli,
400 2965 549 3024 rupesque
565 2965 658 3017 cavae,
676 2954 766 3022 atque
780 2945 899 3020 objecta
911 2944 1063 3004 retardent

174 3039 312 3098 Flumina
325 3048 478 3116 correptos
493 3039 572 3096 undis
584 3040 755 3115 torquentia
768 3046 892 3097 montes.

167 3131 241 3210 >lpse
257 3133 316 3191 ruit
331 3132 494 3208 dentesque
509 3132 677 3189 Sabellicus
691 3132 810 3189 exacuit
824 3151 886 3204 sus,
1102 3132 1161 3189 955

174 3225 214 3283 Et
228 3225 303 3302 pede
319 3225 482 3302 prosubigit
496 3234 616 3296 terram,
633 3225 719 3283 fricat
734 3227 841 3283 arbore
857 3233 967 3297 costas,

174 3319 274 3394 Atque
288 3317 358 3375 hinc
373 3325 462 3394 atque
477 3317 558 3375 illinc
571 3318 711 3376 humeros
726 3316 763 3374 ad
778 3318 902 3375 vulnera
915 3317 1012 3376 durat.

212 3410 292 3478 Quid
309 3410 439 3486 juvenis,
456 3430 596 3489 magnum
610 3411 659 3467 cui
674 3419 773 3468 versat
787 3411 817 3467 in
831 3410 949 3466 ossibus
965 3409 1066 3487 ignem

174 3503 277 3561 Durus
292 3523 377 3561 amor
392 3502 403 3559 ?
425 3522 532 3580 nempe
547 3502 679 3578 abruptis
692 3502 812 3559 turbata
826 3500 965 3578 procellis

175 3596 269 3655 Nocte
285 3605 367 3655 natat
381 3595 467 3655 caecd
481 3615 566 3653 serus
581 3595 656 3652 freta
670 3615 678 3664 3
702 3614 791 3671 quem
804 3613 894 3672 super
907 3594 1014 3672 ingens
1101 3596 1161 3654 960

174 3689 265 3747 Porta
283 3698 366 3747 tonat
380 3689 461 3760 coeli,
478 3698 507 3746 et
523 3688 653 3765 scopulis
668 3687 745 3745 illisa
759 3689 923 3746 reclamant

175 3782 336 3859 AEquora3
360 3803 416 3841 nec
431 3781 531 3840 miseri
545 3789 667 3859 possunt
681 3801 824 3840 revocare
839 3788 989 3859 parentes,

175 3875 239 3935 Nec
253 3877 396 3935 moritura
409 3876 498 3954 super
512 3876 627 3934 crudeli
641 3876 745 3934 funere
761 3876 855 3955 virgo.

213 3969 294 4036 Quid
313 3970 418 4046 lynces
431 3969 547 4028 Bacchi
562 3968 664 4041 varim,
680 3978 709 4027 et
723 3989 818 4048 genua
833 3989 903 4028 aere
918 3971 1065 4048 luporum,

175 4062 272 4139 Atque
287 4063 419 4121 canum?
442 4062 523 4139 quid,
540 4082 606 4138 quar
620 4063 754 4121 imbelles
768 4063 838 4120 dant
853 4063 959 4140 proelia
974 4063 1080 4123 cervi?
1099 4065 1158 4121 265

176 4155 294 4213 Scilicet
309 4165 378 4213 ante
393 4175 496 4214 omnes
511 4156 593 4214 suror
607 4164 651 4214 est
666 4156 790 4234 insignis
805 4175 949 4233 equarum
962 4175 970 4226 ;

175 4246 214 4305 Et
226 4256 356 4306 mentem
367 4248 474 4307 Venus
488 4249 553 4326 ipsa
567 4249 656 4320 dedit,
675 4269 732 4326 quo
745 4259 877 4327 tempore
892 4249 1002 4309 Glauci

174 4338 335 4400 Potniades
355 4343 441 4401 malis
455 4344 587 4400 membra
602 4340 794 4420 absumpsdre
810 4344 972 4422 quadrigas.

176 4431 246 4492 Illas
262 4435 345 4494 ducit
358 4456 440 4495 amor
452 4444 536 4494 trans
549 4435 701 4514 Gargara,
717 4445 857 4513 transque
872 4445 1028 4496 sonantem

174 4526 337 4588 Ascanium
352 4548 359 4598 ;
383 4538 524 4608 superant
537 4537 661 4601 montes,
678 4537 708 4588 et
721 4529 843 4588 flumina
855 4538 984 4590 tranant.
1098 4531 1158 4587 2⁷0
