2692 5122
507 378 535 427 Ρ.
555 379 721 429 vlnerum
744 380 917 431 uanoms

546 803 1032 895 AENEIDOS,:s

586 1004 748 1069 LIBER
774 1010 837 1070 lv.
1008 1014 1015 1063 ι

589 1207 821 1222 —

220 1356 398 1435 Arragina,
415 1357 499 1435 gravi
515 1356 579 1434 jam
597 1358 707 1418 dudum
721 1358 826 1419 saucia
840 1358 925 1431 eard,

221 1449 340 1509 Vulnus
354 1452 405 1509 alit
419 1452 513 1524 venis,
530 1463 559 1511 et
575 1473 658 1512 caeco
672 1454 806 1532 carpitur
819 1454 889 1532 igni.

218 1542 318 1602 Multa
332 1546 386 1603 viri
400 1546 494 1604 virtus
509 1547 617 1619 animo,
633 1548 803 1624 multusque
821 1553 956 1605 recursat

220 1636 327 1696 Gentis
342 1639 435 1696 honos
450 1659 457 1707 ;
482 1638 595 1697 haerent
609 1641 690 1698 infixi
707 1649 830 1718 pectore
845 1640 953 1710 vultus,

219 1729 382 1807 Verbaque
399 1751 407 1801 ;
431 1752 488 1790 uec
502 1733 649 1810 placidam
663 1733 803 1791 membris
817 1733 867 1791 dat
881 1751 955 1790 cura
971 1731 1110 1808 quietem.
1185 1732 1206 1790 6

219 1824 346 1883 Postera
359 1824 495 1884 Phoebes
511 1827 656 1885 lustrabat
675 1827 812 1904 lampade
826 1835 934 1896 terras,

218 1916 461 1995 Humentemque
476 1921 595 1977 Aurora
609 1921 677 1998 polo
691 1920 852 1977 dimoverat
868 1921 1002 1977 umbram
1015 1938 1023 1988 ;

222 2010 323 2080 Quum
337 2013 382 2071 sic
396 2012 565 2070 unanimam
580 2014 739 2089 alloquitur
753 2012 829 2071 male
844 2033 919 2070 sana
932 2002 1085 2071 sororem:

258 2107 348 2165 Anna
361 2096 540 2183 sororffquae
555 2127 601 2164 me
616 2126 792 2185 suspensam
806 2106 951 2164 insomnia
964 2113 1076 2164 terrent
1091 2108 1098 2163 !

221 2198 298 2267 Quis
312 2219 406 2258 novus
420 2200 469 2257 hic
484 2199 593 2257 nostris
608 2201 753 2258 successit
768 2201 889 2258 sedibus
903 2199 1010 2277 hospes
1026 2202 1033 2257 !
1169 2201 1206 2259 10

221 2291 320 2360 Quem
333 2312 401 2351 sese
415 2312 466 2350 ore
481 2293 581 2351 ferens
597 2297 604 2351 t
627 2294 717 2370 quhm
731 2293 799 2351 forti
813 2302 945 2373 pectore,
961 2300 990 2351 et
1005 2292 1116 2351 armis!

220 2384 320 2444 Credo
334 2386 482 2463 equidem,
498 2406 554 2444 nec
569 2406 646 2444 vena
660 2386 745 2461 fides,
760 2406 856 2465 genus
871 2406 938 2445 esse
952 2387 1084 2445 deorum.

218 2477 397 2556 Degeneres
411 2480 524 2537 animos
538 2480 626 2538 timor
639 2480 746 2558 arguit.
790 2480 861 2538 Heu
875 2483 881 2537 !
905 2480 1011 2556 quibus
1024 2479 1074 2537 ille

218 2570 356 2629 Jactatus
370 2572 438 2630 fatis
454 2575 460 2630 !
484 2593 550 2651 qum
565 2573 645 2630 bella
657 2574 804 2631 exhausta
818 2575 945 2631 canebat
960 2575 966 2630 l

220 2664 251 2722 Si
264 2665 333 2722 mihi
349 2687 407 2724 non
421 2666 518 2724 animo
533 2666 623 2724 fixum
638 2667 846 2742 immotumque
861 2665 990 2738 sederet,
1168 2667 1205 2725 15

218 2758 266 2817 Ne
282 2759 329 2817 cui
344 2779 390 2816 mo
404 2760 502 2818 vinclo
517 2759 625 2817 vellem
645 2761 762 2818 sociare
778 2759 886 2837 jugali,

218 2852 380 2929 Postquam
395 2854 505 2930 primus
520 2872 602 2910 amor
616 2853 772 2930 deceptam
786 2864 879 2911 morte
894 2853 997 2913 fefellit
1014 2873 1022 2924 ;

219 2945 251 3004 si
269 2966 329 3005 non
344 2956 502 3024 pertaesum
517 2946 640 3004 thalami
654 2946 798 3023 taedaeque
814 2946 917 3005 fuisset
934 2966 943 3017 ;

218 3038 300 3098 Huic
317 3041 366 3097 uni
382 3040 482 3098 forsan
497 3040 578 3118 potui
592 3042 789 3098 succumbere
804 3042 908 3118 culpae.

217 3133 315 3202 Anna,
334 3134 450 3191 fatebor
464 3139 553 3205 enim,
570 3134 670 3192 miseri
685 3142 749 3211 post
764 3133 825 3192 fata
840 3134 958 3210 Sychoei
1163 3135 1204 3191 20

218 3223 374 3303 Conjugis.
391 3235 421 3284 ot
435 3247 557 3304 sparsos
571 3226 703 3285 fraterni
717 3227 799 3284 caede
813 3226 954 3300 Penates,

218 3319 304 3376 Solus
318 3319 366 3376 hic
381 3319 492 3376 inflexit
507 3338 623 3389 sensus,
641 3321 828 3396 animumque
842 3321 992 3379 labantem

218 3410 345 3487 Impulit.
388 3412 531 3488 Agnosco
545 3412 655 3469 veteris
669 3412 796 3489 vestigia
809 3415 944 3473 flammae.

218 3504 276 3561 Sed
291 3503 361 3561 mihi
375 3504 422 3561 vel
437 3504 524 3561 tellus
539 3512 637 3580 optem
651 3504 732 3580 priirs
747 3505 805 3563 ima
819 3507 963 3578 dehiscat,

216 3595 274 3653 Vel
292 3597 382 3655 Pater
396 3597 581 3673 omnipotens
596 3597 696 3674 adigat
711 3617 756 3655 me
772 3598 891 3657 fulmine
907 3600 943 3657 ad
959 3602 1090 3673 umbras,
1162 3604 1203 3659 25

216 3689 369 3748 Pallentes
383 3691 502 3747 umbras
521 3690 625 3762 Erebi,
641 3699 818 3769 noctemque
834 3693 1021 3770 profundam,

217 3784 307 3857 Ante,
323 3783 434 3854 Pudor,
454 3781 540 3859 qudm
556 3784 687 3855 teriolo,
704 3795 754 3843 aut
769 3795 821 3843 tua
836 3787 906 3862 jura
919 3787 1046 3847 resolvo.

135 3870 165 3953 Ι
218 3874 272 3933 Ille
286 3868 380 3946 dteos,
395 3876 506 3952 primus
521 3877 571 3951 qui
585 3896 631 3933 me
645 3877 702 3935 sibi
716 3879 824 3953 junxit,
841 3899 958 3938 amores

216 3970 347 4029 Abstulit
362 3991 370 4040 ;
394 3971 442 4028 ille
457 3970 566 4028 habeat
581 3991 693 4043 secum,
710 3981 868 4050 servetque
884 3975 1032 4051 sepulcro.

218 4064 267 4123 sic
281 4065 379 4135 effata,
396 4064 492 4122 sinum
506 4063 646 4143 lacrymis
660 4067 789 4143 implevit
803 4067 924 4125 obortis.
1163 4070 1204 4127 ³0

255 4159 344 4217 Anna
359 4156 450 4216 refert
466 4176 472 4215 :
496 4156 526 4217 Ο
539 4159 606 4218 luce
621 4159 715 4238 magis
729 4160 840 4218 dilecta
853 4159 960 4230 sorori,
