2692 5122
518 751 695 800 AENEIDOS
715 753 786 800 ΜΒ.
801 754 849 801 vl.

189 895 229 955 At
241 893 337 954 Pater
349 892 535 971 omnipotens
548 892 643 951 densa
656 892 734 950 inter
746 891 850 951 nubila
863 893 956 952 telum

190 987 343 1050 Contorsit
357 1008 366 1059 ;
389 1008 448 1046 non
462 989 512 1046 ille
527 988 622 1060 faces,
638 1007 695 1046 nee
710 988 808 1046 sumea
821 989 906 1047 taedis

187 1081 316 1142 Lumina
330 1101 338 1153 ;
362 1083 605 1160 praeoipitemque
620 1082 739 1140 immani
752 1083 870 1140 turbine
885 1083 995 1161 adegit.
1064 1092 1070 1105 ‘

187 1175 253 1236 Nee
267 1197 328 1235 non
343 1187 372 1235 et
385 1177 508 1273 Titpom
523 1177 630 1235 Terrre
644 1176 856 1253 omniparentis
870 1177 1032 1249 alumnum,

187 1269 325 1332 Cernere
340 1279 427 1342 erat;
451 1291 505 1349 per
517 1279 580 1329 tota
593 1290 700 1328 novem
720 1271 768 1328 eui
786 1271 896 1348 jugera
910 1291 1019 1350 corpus

185 1363 354 1444 Porrigitur
367 1385 375 1434 ;
399 1374 557 1442 rostroque
571 1365 708 1423 immanis
723 1366 822 1423 vultur
835 1366 954 1424 obunco

186 1457 356 1518 Immortale
374 1461 463 1535 jecur
476 1459 612 1530 tondens,
629 1458 830 1535 foecundaque
846 1460 942 1536 poenis

185 1552 324 1624 Viscera,
341 1554 526 1630 rimaturque
541 1554 648 1631 epulis,
665 1554 839 1628 habitatque
854 1555 909 1612 sub
923 1555 984 1613 alto

184 1645 312 1706 Pectore
325 1667 333 1717 ;
358 1667 415 1706 neo
429 1648 512 1706 fibris
526 1648 648 1724 requies
664 1648 752 1705 datur
766 1648 828 1705 ulla
842 1648 964 1708 renatis.

185 1739 266 1808 Quid
280 1760 441 1800 memorem
455 1741 610 1818 Lapithas,
627 1742 742 1811 lxiona,
758 1741 992 1816 Pirithoumque,

185 1833 270 1902 Quos
283 1854 375 1914 super
389 1844 455 1893 atra
469 1837 544 1894 silex
560 1837 623 1912 jam
640 1836 702 1911 jam
717 1837 837 1912 lapsura
851 1835 1031 1913 cadentique

184 1926 319 1988 Imminet
334 1930 473 1988 assimilis
489 1929 499 1985 l
540 1929 659 1988 Lucent
673 1929 841 2007 genialibus
856 1929 924 1987 altis

182 2005 285 2082 Aurea
299 2023 396 2082 fulcra
408 2024 490 2095 toris,
506 2024 661 2101 epulasque
677 2032 746 2080 ante
761 2042 814 2081 ora
829 2031 942 2100 paratae

182 2115 323 2196 Regifieo
336 2119 428 2176 luxu:
450 2118 611 2176 Furiarum
626 2117 753 2174 maxima
769 2117 857 2192 juxti

182 2210 331 2284 decubat,
348 2221 378 2269 et
392 2212 528 2269 manibus
541 2212 676 2289 prohibet
691 2211 865 2289 contingere
880 2230 1024 2282 mensas;

181 2303 384 2385 Exsurgitque
399 2306 495 2364 facem
510 2306 659 2376 attollens,
675 2313 765 2381 atque
780 2305 893 2363 intonet
910 2325 973 2364 ora.

181 2396 254 2471 Hie,
273 2400 381 2476 quibus
396 2400 481 2458 invisi
496 2399 616 2469 fratres,
633 2398 703 2454 dum
717 2399 779 2455 vita
795 2401 946 2470 manebat,

180 2490 358 2551 Pulsatusve
374 2513 493 2572 parens,
511 2501 562 2550 aut
576 2492 659 2549 fraus
674 2492 784 2548 innexa
798 2492 899 2550 clienti
914 2510 941 2561 ;·

77 2662 81 2673 .
179 2586 238 2645 Aut
255 2588 304 2664 qui
320 2588 429 2645 divitiis
443 2587 498 2644 soli
513 2584 677 2644 incubuere
696 2585 834 2662 repertis,

179 2678 244 2738 Neo
260 2690 375 2758 partem
390 2679 516 2759 posuere
532 2680 593 2738 suis
608 2699 615 2749 ;
641 2699 708 2755 quae
723 2680 850 2737 maxima
864 2681 953 2738 turba
967 2688 1012 2739 est
1027 2699 1037 2751 ;

181 2772 300 2851 Quique
316 2776 354 2832 ob
369 2775 547 2832 adulterium
561 2774 643 2844 caesi,
661 2774 770 2850 quique
786 2793 870 2831 arma
883 2775 980 2834 secuti

180 2865 285 2947 Impia,
301 2889 359 2928 nec
373 2869 459 2927 veriti
473 2869 657 2927 dominorum
672 2869 775 2926 fallere
789 2869 909 2927 dextras
923 2888 930 2927 :

179 2960 291 3021 Inelusi
306 2983 425 3041 poenam
440 2971 625 3040 exspectant.
668 2963 697 3021 N
699 2983 716 3020 e
732 2983 833 3039 quaere
848 2964 950 3022 doceri

179 3053 280 3123 Quam
294 3076 422 3134 poenam,
440 3065 489 3114 aut
504 3077 570 3133 quae
585 3057 679 3114 forma
694 3057 773 3115 viros
788 3058 944 3117 fortunave
958 3059 1070 3121 mersit.
1110 3061 1169 3119 615

180 3152 290 3211 Saxum
305 3153 411 3231 ingens
425 3154 545 3211 volvunt
560 3154 621 3225 alii,
637 3154 765 3212 radiisve
781 3164 913 3214 rotarum

179 3243 316 3305 Districti
331 3247 479 3324 pendent:
502 3248 596 3318 sedet,
613 3248 817 3324 aeterniunque
832 3249 958 3320 sedebit,

179 3336 284 3397 Infelix
298 3339 457 3398 Theseus:
480 3340 694 3417 Phlegyasque
708 3341 892 3399 miserrimus
907 3361 1009 3400 omnes

178 3433 336 3505 Admonet,
354 3442 383 3491 et
397 3431 509 3511 magud
522 3442 650 3490 testatur
665 3453 737 3491 voce
758 3453 811 3510 per
823 3435 946 3491 umbras
960 3453 967 3490 :

181 3531 201 3559 ⁸‘
210 3526 330 3586 Discite
348 3528 494 3604 justitiam
508 3528 620 3597 moniti,
637 3535 666 3584 et
680 3536 887 3584 rontemnere
902 3528 1020 3588 divos.’'
1109 3533 1167 3590 620

181 3618 319 3679 Vendidit
333 3622 382 3680 hie
396 3641 471 3679 auro
486 3621 619 3698 patriam,
636 3620 845 3697 dominumque
860 3630 1009 3699 potentem

179 3711 397 3792 Imposuit,tht
411 3717 495 3793 leges
511 3715 605 3792 pretio
621 3722 712 3791 atque
726 3715 832 3773 refixit.

178 3804 239 3865 Hic
253 3808 416 3866 thalamum
430 3808 538 3866 invasit
553 3817 630 3866 natae
645 3808 811 3886 vetitosque
826 3809 1007 3887 hymenaeos.

176 3900 252 3961 Ausi
265 3921 369 3960 omnes
383 3903 509 3961 immane
524 3904 619 3975 nefas,
636 3922 769 3979 ausoque
784 3904 876 3981 potiti.

176 3989 256 4066 Non,
273 3996 343 4053 mihi
358 3996 383 4054 si
397 3997 506 4074 lingum
521 4007 641 4056 centum
654 3998 724 4072 sint,
739 4017 851 4073 oraque
865 4006 996 4071 centum,
1106 4000 1165 4058 625

176 4084 291 4147 Ferrea
305 4109 373 4162 vox,
389 4109 492 4149 omnes
506 4092 653 4150 scelerum
668 4092 882 4169 comprendere
898 4093 1017 4166 formas,

176 4179 284 4240 Omnia
298 4203 454 4260 poenarum
469 4205 646 4262 percurrere
660 4187 789 4258 nomina,
807 4187 925 4264 possim.

213 4274 294 4335 Hmo
308 4276 360 4335 ubi
374 4278 453 4337 dieta
467 4279 546 4336 dedit
559 4279 666 4338 Phoebi
681 4280 819 4358 longaeva
832 4281 995 4339 sacerdos:

177 4370 236 4431 Sed
252 4371 316 4448 jam
330 4391 398 4451 age,
415 4394 504 4451 carpe
519 4374 608 4445 viam,
625 4383 654 4432 et
668 4385 840 4453 susceptum
855 4377 966 4454 perfice
980 4395 1108 4436 munus:

174 4462 400 4538 Acceleremus,
417 4468 466 4526 ait.
510 4467 677 4546 Cyelopum
692 4469 939 4529 eductaoaminis
1104 4472 1164 4530 630

174 4555 290 4620 IIoenia
303 4560 466 4639 conspicio,
483 4571 573 4640 atque
588 4561 713 4621 adverso
727 4562 842 4622 fornice
859 4571 972 4642 portas,
