2692 5122
230 404 289 460 316
518 396 545 443 Ρ.
565 395 731 442 vtnotatl
755 393 928 443 rannerus

230 535 258 595 N
261 556 297 594 ec
313 535 470 613 quisquam
483 535 629 594 instantes
642 535 780 592 Teucros
794 535 944 612 letumque
959 533 1091 593 serentes

230 630 404 688 Sustentare
420 631 497 687 valet
511 629 590 699 telis,
607 637 658 686 aut
672 628 780 686 sistere
794 630 900 686 contra
914 647 922 698 ς

230 723 289 782 Sed
303 724 386 782 laxos
401 723 533 781 reserunt
547 722 678 780 humoris
693 721 904 799 languentibus
918 741 1007 779 arcus
1021 739 1029 790 ;

232 817 526 895 Quadrupedumque
539 826 654 894 putrem
664 834 753 874 cursu
767 817 860 892 quatit
875 816 988 894 ungula
999 833 1145 894 eampum
1162 817 1221 875 87⁵

230 910 367 969 Volvitur
381 910 418 968 ad
431 930 532 968 muros
546 910 674 987 caligine
689 909 824 968 turbidus
838 908 905 967 atri

228 1003 332 1063 Pulvis
346 1024 354 1073 ;
378 1013 407 1061 et
422 1024 438 1061 e
453 1003 584 1081 speculis
598 1022 749 1080 percussae
766 1011 887 1080 pectora
902 1010 1012 1060 matres

229 1097 416 1156 Foemineum
430 1097 591 1154 clamorem
605 1096 642 1153 ad
657 1096 727 1154 coeli
741 1096 842 1153 sidera
855 1084 971 1153 tollunt.

230 1188 291 1256 Qui
306 1209 396 1247 cursu
411 1198 512 1266 portas
526 1189 611 1266 primi
625 1187 760 1266 irrupirre
776 1197 922 1266 patentes,

229 1281 297 1341 Hos
312 1283 431 1341 inimica
445 1302 536 1360 super
549 1283 639 1340 mixto
654 1283 758 1359 premit
773 1283 890 1361 agmine
905 1283 1013 1340 turba:
1161 1285 1221 1343 880

229 1376 258 1435 N
261 1396 296 1434 ec
311 1377 449 1435 miseram
464 1376 608 1454 effugiunt
623 1385 769 1446 mortem;
792 1376 845 1434 sed
860 1376 958 1433 limine
978 1375 1008 1433 in
1023 1374 1098 1454 ipso,

229 1469 381 1528 Moenibus
395 1471 424 1527 in
439 1470 551 1547 patriis,
569 1480 659 1546 atque
675 1470 750 1528 inter
764 1479 828 1528 tuta
841 1471 1004 1539 domorum,

230 1562 349 1622 Confixi
363 1564 514 1640 exspirant
529 1564 652 1621 animas.
694 1564 770 1622 Pars
784 1564 925 1621 claudere
940 1573 1062 1640 portae;

229 1656 296 1715 Nec
311 1656 401 1714 sociis
415 1656 531 1733 aperire
546 1656 635 1728 viarn,
652 1675 707 1714 nec
722 1658 869 1715 moenibus
884 1656 993 1714 audent

228 1750 377 1827 Accipere
393 1759 513 1807 orantes
530 1769 538 1819 ς
562 1750 715 1826 oriturque
731 1751 896 1808 miserrima
908 1750 1008 1808 caedes

228 1841 451 1902 Defendentitm
467 1845 557 1902 armis
572 1844 679 1915 aditus,
696 1844 785 1921 inque
800 1864 883 1901 arma
896 1840 1042 1903 ruenttim.

229 1937 365 2008 Exclusi,
383 1947 451 1995 anta
466 1939 570 1997 oculos
584 1935 859 2015 lacrymantrimque
874 1957 927 1996 ora
941 1936 1107 2015 parentium,

228 2032 349 2092 Parsia
364 2034 532 2112 praecipites
547 2034 653 2104 fossas,
671 2037 796 2111 urgente
811 2032 909 2104 ruini,

228 2125 367 2185 Volvitur
383 2146 391 2196 ;
416 2127 554 2185 immissis
569 2146 637 2204 pars
651 2147 735 2185 coeca
748 2134 778 2184 et
792 2127 909 2185 concita
924 2125 1024 2186 fraenis

228 2219 345 2278 Arietat
360 2221 389 2278 in
405 2229 505 2297 portas
519 2229 548 2278 et
562 2220 653 2278 duros
668 2221 763 2296 objice
778 2230 887 2298 postea.

229 2312 307 2390 lpsae
322 2313 358 2370 de
373 2315 465 2371 muris
476 2333 591 2371 summo
605 2313 767 2372 certamine
781 2325 893 2373 matres

230 2407 393 2485 (Monstrat
408 2427 490 2466 amor
504 2427 593 2467 verus
609 2409 740 2487 patrita)
756 2418 788 2466 ut
802 2407 903 2468 vidire
919 2407 1088 2484 Camillam,

227 2500 304 2558 Tela
318 2521 406 2558 manu
421 2502 544 2578 trepidae
562 2502 688 2576 jaciunt,
706 2521 742 2560 ac
757 2505 864 2561 robore
879 2503 953 2561 duro

229 2593 382 2671 Stipitibus
396 2594 507 2651 serrum
521 2594 704 2670 sudibusque
719 2595 870 2654 imitantur
883 2597 998 2655 obustis

227 2687 411 2765 Pracipites,
428 2688 589 2764 primaeque
603 2690 678 2746 mori
693 2709 744 2766 pro
759 2691 906 2749 moenibus
921 2691 1037 2751 ardent,

267 2782 388 2841 Interea
401 2784 537 2840 'l'uroum
551 2784 580 2841 in
595 2784 677 2842 silvis
691 2787 871 2845 saevissimus
886 2788 985 2864 implet

227 2878 367 2950 Nuntius,
385 2889 413 2937 ct
431 2880 534 2955 juveni
550 2881 700 2957 ingentem
714 2882 769 2940 sert
783 2882 870 2940 Acca
883 2884 1040 2942 tumultum
1055 2903 1062 2941 ε

227 2972 353 3031 Deletae
367 2974 546 3032 Volscorum
561 2974 653 3046 acies,
670 2975 815 3033 cecidisse
831 2976 1000 3048 Camillam,

228 3064 374 3145 Ingruere
389 3068 521 3126 infensos
534 3068 645 3139 hostes,
662 3077 692 3126 et
705 3069 804 3127 Marte
819 3070 951 3127 secundo

226 3160 335 3219 Omnia
349 3162 530 3238 corripuisse
543 3180 551 3230 ;
575 3170 684 3219 metum
701 3163 763 3237 jam
777 3163 812 3220 ad
831 3164 941 3221 moenia
956 3162 1035 3223 ferri.

227 3253 282 3312 Ille
297 3254 398 3312 surena
415 3255 459 3332 (et
473 3273 555 3312 saeva
568 3254 653 3312 Jovis
666 3255 710 3312 sic
725 3256 844 3313 numina
860 3259 1000 3335 poscunt)

226 3344 349 3404 Deserit
364 3348 504 3404 obsessos
519 3348 622 3418 colles,
639 3367 761 3405 nemora
774 3367 882 3425 aspera
901 3350 1016 3426 linquit.

226 3438 285 3497 Vix
299 3459 316 3497 e
331 3448 493 3516 conspectu
509 3441 633 3510 exierat,
649 3459 844 3518 campumque
863 3445 995 3516 tenebat,

226 3532 329 3599 Quum
343 3543 427 3610 pater
440 3532 572 3604 AEneas,
589 3533 682 3591 saltus
696 3535 849 3612 ingressus
863 3545 994 3613 apertos,

224 3626 455 3704 Exsuperatque
472 3627 589 3705 jugum,
607 3625 741 3703 silvaque
756 3629 854 3687 evadit
869 3629 973 3707 opaci.

226 3719 276 3777 Sic
291 3722 377 3777 ambo
392 3720 429 3777 ad
445 3739 544 3777 muros
558 3720 653 3796 rapidi
667 3729 788 3797 totoque
803 3722 937 3782 seruntur

225 3814 353 3890 Agmine
370 3832 377 3882 ;
401 3832 457 3871 nec
472 3814 568 3892 longis
583 3815 661 3872 inter
673 3833 706 3872 se
721 3818 857 3893 passibus
875 3820 992 3878 absunt.

224 3910 271 3966 Ac
285 3909 371 3965 simul
386 3909 505 3967 AEneas
520 3911 667 3968 fumantes
681 3911 802 3987 pulvere
817 3931 938 3990 campos

224 4000 380 4078 Prospexit
395 4001 493 4078 longe,
509 4002 733 4079 Laurentiaque
748 4007 869 4082 agmina
882 4005 952 4064 vidit
965 4026 973 4076 ;

225 4093 266 4153 Et
279 4114 391 4153 atavum
406 4094 524 4153 AEnean
539 4097 659 4175 agnovit
673 4097 796 4156 Turnus
810 4099 838 4156 in
854 4101 953 4172 armis,

225 4188 452 4265 Adventumque
466 4190 576 4266 pedum
588 4189 735 4267 flatusque
750 4192 861 4251 audivit
874 4212 1028 4271 equorum
