2692 5122
525 776 697 826 AElumuos
717 779 786 826 ΜΒ.
801 779 836 827 11.

183 913 331 973 Eductam
345 914 443 986 tectis,
461 915 537 974 unde
552 918 646 975 omnis
660 918 752 993 Troja
767 917 870 988 videri,

183 1009 221 1067 Et
233 1006 376 1068 Danadm
390 1009 485 1067 solitar
499 1030 602 1082 naves,
619 1020 648 1069 et
662 1011 780 1069 Achaia
800 1019 911 1082 castra,

182 1103 327 1182 Aggressi
342 1102 421 1160 ferro
435 1104 568 1175 circbrm‘
577 1104 637 1180 qud
650 1113 765 1163 'summa
778 1105 914 1162 labantes

182 1197 345 1256 Juncturas
358 1197 493 1255 tabulata
508 1197 627 1267 dabant,
645 1198 837 1256 convellimus
851 1197 919 1255 altis

183 1289 318 1361 Sedibus,
335 1290 571 1367 impulimusque.
614 1291 661 1348 Ea
675 1292 759 1368 lapsa
772 1290 894 1367 repente
915 1290 1031 1348 ruinam
1109 1293 1168 1350 465

122 1410 125 1415 >
183 1382 258 1442 Cum
274 1383 371 1441 sonitu
386 1383 486 1454 trabit,
502 1393 531 1441 et
546 1380 685 1442 Danairm
700 1403 791 1461 super
805 1383 924 1460 agmina
936 1382 996 1441 late

182 1475 296 1534 Incidit.
339 1475 397 1534 Ast
412 1476 461 1533 alii
475 1478 624 1535 subeunt:
646 1497 703 1535 nec
717 1495 800 1549 sua,
816 1496 872 1534 nec
887 1476 978 1534 ullum

182 1569 324 1626 Telorum
337 1568 452 1627 interea
467 1579 566 1628 cessat
580 1591 685 1648 genus.

182 1661 369 1720 Vestibulum
383 1670 451 1719 ante
466 1665 562 1740 ipsum
576 1664 729 1741 primoque
745 1663 773 1720 in
788 1663 887 1720 limine
901 1661 1036 1739 Pyrrhus

181 1755 328 1825 Exsultat,
343 1754 411 1812 telis
425 1765 455 1812 et
469 1755 536 1813 luce
551 1776 695 1814 coruscus
714 1754 831 1814 aheni:

182 1850 287 1918 Qualis
301 1850 351 1907 ubi
365 1850 394 1907 in
409 1838 507 1908 lucem
521 1853 654 1925 coluber,
671 1853 749 1911 mala
762 1851 899 1929 gramina
912 1858 1024 1928 pastus,

181 1942 305 2021 Frigida
319 1938 374 2001 sub
388 1943 471 2001 terii
484 1945 625 2003 tumidum
641 1965 728 2022 quem
742 1947 848 2003 bruma
861 1944 993 2021 tegebat,

182 2035 268 2094 Nunc
284 2035 386 2113 positis
399 2056 493 2095 novus
512 2038 636 2110 exuviis,
653 2035 821 2114 nitidusque
838 2034 975 2113 juventi,

181 2128 311 2188 Lubrica
326 2131 482 2202 convolvit,
499 2133 761 2210 sublatolpectore,
777 2141 864 2208 terga

180 2222 299 2281 Arduus
313 2222 350 2280 ad
365 2224 467 2296 solem,
483 2233 512 2283 et
526 2224 637 2303 lin'guis
649 2226 739 2283 micat
753 2244 803 2283 ore
817 2223 962 2282 trisulcis.

181 2314 247 2374 una
261 2317 368 2395 ingens
381 2316 538 2395 Periphas,
555 2329 584 2376 et
599 2312 743 2394 equorum
758 2319 886 2395 agitator
900 2315 1026 2374 Achillis

181 2410 319 2488 Armiger
332 2411 530 2482 Automedon,
546 2410 606 2469 unzi
620 2412 714 2469 omnis
729 2411 835 2486 Scyria
849 2411 954 2487 pubes,

182 2502 351 2560 Succedunt
364 2511 455 2573 tecto,
473 2511 502 2560 ct
517 2503 650 2561 flammas
663 2504 701 2561 ad
716 2502 845 2561 culmina
862 2503 987 2578 jactant.

180 2593 246 2671 lpse
258 2594 336 2653 inter
344 2596 455 2672 primos
469 2595 608 2672 correpti
622 2595 699 2655 dura
711 2594 831 2672 bipenni

178 2687 294 2746 Limina
309 2688 481 2765 perrumpit,
499 2697 658 2765 postesque
673 2707 691 2745 a
706 2688 826 2746 cardine
842 2687 922 2745 vellit

180 2780 322 2850 AEratos3
342 2780 475 2857 jamque,
492 2780 595 2839 excisi
608 2783 705 2852 trabe,
723 2781 808 2839 firma
821 2779 938 2839 cavavit

179 2872 312 2944 Robora,
329 2882 359 2931 et
373 2874 521 2950 ingentem
536 2874 595 2931 lato
609 2873 687 2932 dedit
703 2893 755 2931 oro
769 2874 939 2932 fenestram.

180 2942 431 3044 Apparetbomus
445 2968 533 3038 intus,
550 2976 579 3025 et
594 2968 669 3025 atria
682 2968 770 3046 longa
786 2975 940 3045 patescunt
955 2986 963 3036 ;

178 3061 330 3138 Apparent
343 3060 455 3119 Priami
468 3070 497 3118 et
512 3070 645 3120 vetorum
659 3062 823 3139 penetralia
836 3081 941 3139 regum
955 3079 963 3130 ;

178 3153 378 3230 Armatosque
392 3153 491 3211 vident
505 3163 617 3212 stantes
632 3156 660 3213 in
675 3155 773 3212 limine
790 3156 890 3232 primo.
897 3190 932 3237 ὦ

217 3248 258 3305 At
272 3246 376 3306 domus
390 3247 511 3305 interior
524 3248 636 3325 gemitu
651 3249 819 3322 miseroque
833 3246 960 3306 tumultu

178 3339 325 3397 Miscetur
337 3359 345 3409 ;
356 3404 360 3411 ,
369 3340 545 3417 penitusque
561 3360 643 3398 covae
660 3340 853 3417 plangoribus
868 3339 948 3397 tedes

177 3432 342 3493 Foemineis
356 3416 475 3513 ululant
483 3452 490 3501 ;
515 3432 582 3490 ferit
595 3452 689 3489 aurea
703 3432 803 3489 sidera
817 3432 939 3488 clamor.

177 3508 256 3607 'Puln
271 3525 383 3611 pavidae
395 3525 482 3582 tectis
497 3532 607 3581 matres
622 3524 792 3601 ingentibus
806 3530 919 3593 errant,

177 3604 390 3694 Amplexaeque
406 3626 508 3675 tenent
522 3625 632 3693 postes,
649 3624 738 3692 atque
753 3615 857 3675 oscula
871 3600 974 3693 fig'int.
1108 3619 1166 3674 490

178 3708 274 3789 Instat
288 3709 317 3766 vi
331 3709 427 3786 patrii
441 3708 575 3786 Pyrrhus
589 3727 597 3776 ;
622 3727 677 3765 nec
692 3707 825 3766 claustra
840 3726 937 3783 neque
952 3708 1008 3786 ipsi

178 3800 331 3861 Custodes
345 3803 471 3860 sufferre
486 3801 594 3860 valent.
637 3801 735 3860 Labat
750 3802 843 3905 crispe
862 3803 969 3860 crebro

175 3894 198 3953 J
200 3913 290 3965 anua,
306 3903 336 3953 et
349 3896 440 3953 emoti
452 3896 648 3972 procumbunt
662 3894 784 3953 cardine
799 3904 907 3972 postes.

130 4022 145 4029 --
176 3986 229 4045 Fit
243 3987 292 4045 via
305 3988 333 4045 vi
349 4007 356 4057 ;
380 3998 518 4065 rumpunt
533 3987 639 4059 aditus,
655 3989 824 4065 primosque
838 3987 988 4045 trucidant

177 4078 306 4137 Immissi
320 4080 432 4151 Danai,
448 4089 477 4138 et
492 4081 552 4138 late
567 4081 634 4139 loca
648 4081 739 4138 milite
758 4080 924 4155 complent..
1107 4080 1165 4137 495

176 4171 248 4240 Non
262 4173 316 4243 sic,
333 4174 495 4257 aggeribus
509 4174 603 4251 ruptis
617 4193 707 4250 quum
721 4192 864 4250 spumeus,
875 4173 968 4230 amnis

176 4264 272 4335 Exiit,
288 4268 498 4343 oppositasque
513 4266 602 4349 evicit
616 4267 733 4345 gurgite
749 4266 853 4337 moles,

177 4356 291 4415 Fertur
303 4359 333 4416 in
347 4378 421 4416 arva
435 4358 537 4419 furens
552 4359 681 4428 cumulo,
697 4376 876 4434 camposque
893 4377 947 4435 por
959 4377 1063 4415 omnes

178 4443 260 4510 Cum
274 4452 399 4509 stabulis
413 4463 547 4510 armentu
561 4451 659 4510 trahit.
701 4451 771 4509 Vidi
786 4452 848 4528 ipse
863 4451 1009 4509 furentem

179 4542 277 4605 Cerdo
290 4544 528 4623 Neoptolemum,
544 4545 738 4625 geminosque
752 4545 783 4603 in
798 4544 896 4601 limine
909 4544 1050 4602 Atridas:
1107 4545 1166 4599 500

460 4643 490 4695 11
873 4654 892 4693 r
