2692 5122
514 781 688 830 AENBIDOS
708 782 779 829 ma.
793 782 858 832 xit.

180 919 337 1002 Ingentes,
352 921 469 1000 genitos
482 920 608 980 diversis
621 921 755 998 partibus
769 925 860 997 orbis,

180 1014 265 1076 lnter
278 1034 311 1074 se
325 1016 433 1074 coiisse
447 1015 537 1086 viros,
554 1027 584 1072 et
600 1034 725 1073 cernere
740 1017 830 1077 ferro.

218 1111 320 1186 Atque
336 1109 388 1181 illi,
405 1118 437 1168 ut
451 1128 547 1167 vacuo
562 1117 720 1186 patuerunt
735 1130 855 1186 aequore
870 1112 977 1190 campi,
1112 1112 1172 1170 ¹110

177 1202 333 1266 Procursu
346 1203 461 1280 rapido,
477 1203 622 1280 conjectis
636 1204 751 1263 eminus
765 1205 868 1277 hastis,

179 1295 329 1358 Invadunt
344 1297 478 1357 Martem
492 1297 606 1374 clypeis
620 1306 710 1374 atquc
726 1318 786 1357 aare
800 1319 919 1358 sonoro.

165 1390 242 1451 Dat
256 1391 399 1470 gemitum
412 1391 500 1449 tellus
514 1410 521 1460 3
546 1399 607 1449 tum
621 1392 746 1450 crebros
760 1393 881 1452 ensibus
894 1394 972 1452 ictus

180 1484 401 1564 congeminant
415 1504 423 1543 ε
445 1485 524 1543 Fore
537 1492 566 1543 et
580 1485 674 1543 virtus
688 1487 851 1545 miscentur
864 1488 894 1545 in
910 1506 1009 1547 unum

179 1580 227 1639 Aa
240 1579 321 1637 velut
336 1579 449 1657 ingenti
463 1578 537 1649 Sila,
554 1597 706 1638 summove
719 1580 875 1652 Taburno,
1110 1580 1169 1639 715

180 1671 283 1741 Quum
297 1672 354 1730 duo
369 1672 524 1730 conversis
537 1672 658 1730 inimica
671 1673 702 1731 in
716 1673 821 1750 proelia
835 1673 914 1732 tauri

178 1764 341 1825 Frontibus
354 1766 510 1824 incurrunt
527 1785 534 1835 3
560 1765 658 1843 pavidi
672 1763 792 1824 nesciere
810 1767 945 1845 magistri
961 1787 969 1838 3

179 1859 245 1919 Stat
259 1878 351 1937 pecus
364 1878 451 1917 omns
466 1867 546 1918 metu
560 1868 684 1930 mutum,
698 1869 893 1937 mussantque
904 1862 1043 1938 juvencae

180 1951 258 2021 Quis
271 1952 385 2011 nemori
398 1953 557 2030 imperitet,
574 1972 662 2029 quem
675 1961 737 2011 tota
752 1964 886 2012 armenta
899 1963 1064 2032 aequantur
1077 1973 1085 2024 3

178 2044 320 2106 llliinter
331 2065 399 2105 sees
414 2045 507 2104 multi
520 2047 548 2104 vi
563 2047 688 2104 vulnera
700 2047 837 2119 miscent,
1109 2050 1168 2106 tao

178 2137 364 2217 Cornuaque
379 2139 478 2198 obnixi
492 2140 628 2218 infigunt,
645 2152 673 2198 et
688 2141 834 2217 sanguine
849 2142 936 2219 largo

180 2231 270 2294 Colla
285 2251 442 2309 armosque
456 2233 557 2292 lavant
573 2252 580 2302 3
605 2234 717 2311 gemitu
731 2253 836 2293 nemus
850 2254 936 2293 omne
950 2236 1080 2315 remugit
1095 2254 1103 2293 ε

179 2324 272 2386 Haud
287 2320 373 2385 aliter
385 2327 462 2385 Tros
477 2326 596 2384 AEneas
611 2335 640 2384 et
653 2326 794 2385 Daunius
807 2328 896 2386 heros

180 2418 373 2481 Concurrunt
388 2420 502 2497 clypeis
517 2439 525 2476 t
548 2419 654 2495 ingens
669 2419 771 2496 fragor
785 2420 898 2479 ethera
911 2422 1046 2500 complet.

177 2512 297 2592 Jupiter
310 2514 373 2591 ipse
388 2513 463 2571 duas
479 2521 596 2589 oequato
610 2513 747 2570 examine
761 2513 865 2571 lances
1109 2517 1169 2574 725

178 2607 322 2678 Sustinet,
338 2616 368 2664 et
384 2607 445 2663 fata
460 2606 581 2683 imponit
594 2605 713 2663 diversa
727 2606 852 2664 duorum
866 2626 874 2676 3

178 2698 278 2769 Quem
292 2701 411 2757 damnet
425 2700 520 2771 labor,
536 2708 565 2757 et
581 2719 639 2775 quo
654 2708 758 2777 vergat
773 2701 903 2777 pondero
917 2701 1017 2761 letum.

218 2791 337 2852 Emicat
351 2793 411 2864 bic,
428 2793 546 2869 impune
562 2801 680 2870 putans,
695 2802 724 2850 et
739 2813 865 2870 corpore
881 2804 944 2853 toto

176 2885 249 2947 Altd
264 2887 413 2944 sublatum
427 2886 580 2964 consurgit
594 2886 716 2945 Turnus
730 2887 760 2945 in
774 2907 886 2960 ensem,

176 2978 218 3040 ln
231 2981 309 3039 t'erit.
352 2981 530 3038 Exclamant
544 2979 641 3039 Troes
655 2981 822 3057 trepidique
836 2981 948 3054 Latini,
1108 2986 1167 3042 730

176 3074 374 3150 Arrectaeque
389 3077 540 3132 amborum
555 3074 646 3132 acies.
689 3077 729 3132 At
744 3075 874 3151 perfidus
893 3076 974 3135 ensis

176 3166 350 3246 Frangitur,
368 3168 397 3225 in
411 3168 567 3243 medioque
583 3167 735 3226 ardentem
749 3169 860 3227 deserit
875 3170 935 3228 ictu
949 3190 958 3239 3

177 3261 219 3320 Ni
233 3261 306 3339 fuga
318 3261 448 3319 subsidio
463 3263 579 3319 subeat.
621 3261 712 3339 Fugit
727 3263 811 3321 ocior
823 3262 919 3334 Euro,

177 3352 217 3413 Ut
232 3355 371 3431 capulum
385 3355 517 3431 ignotum
531 3355 725 3431 dextramque
743 3355 875 3432 adspexit
893 3357 1045 3415 inermem.

176 3448 283 3520 Fama,
300 3458 345 3506 est
360 3449 551 3525 praecipitem,
569 3468 660 3524 quum
673 3450 767 3526 prima
781 3450 810 3507 in
826 3450 932 3526 proelia
944 3451 1066 3525 junctos
1106 3451 1164 3508 tuo

177 3541 409 3604 Conscendebat
424 3561 529 3617 equos,
545 3542 640 3618 patrio
655 3561 796 3599 mucrone
812 3543 927 3614 relicto,

176 3637 259 3698 Dum
272 3639 410 3716 trepidat,
427 3638 537 3696 ferrum
552 3638 664 3715 aurigae
679 3639 814 3715 rapuisse
829 3640 969 3699 Metisci:

177 3731 272 3808 quue
287 3733 347 3804 diu,
364 3733 432 3790 dum
447 3740 533 3808 targa
547 3724 656 3790 dabant
671 3733 803 3809 palantia
816 3733 939 3806 Teucri,

177 3826 301 3884 Suffecit
318 3847 325 3895 3
350 3836 506 3904 postquam
521 3845 604 3883 arma
617 3827 664 3884 dei
678 3827 716 3885 ad
731 3825 882 3886 Vulcania
896 3838 1026 3902 ventum,

177 3917 319 3979 Mortalis
333 3940 445 3991 mucro,
462 3920 575 3997 glacies
589 3940 645 3979 ceu
662 3921 763 3991 sutilis,
780 3922 841 3979 ictu
1106 3926 1164 3981 740

175 4012 314 4072 Dissiluit
328 4033 335 4082 3
359 4013 441 4072 fulvi
454 4014 643 4091 resplendent
658 4015 805 4093 fragmina
819 4017 917 4075 areni.

176 4107 260 4186 Ergo
275 4127 376 4166 amens
390 4109 509 4167 diversa
522 4109 594 4188 fugai
608 4111 679 4187 petit
695 4130 816 4187 aequora
831 4110 972 4182 Turnua3

175 4201 216 4259 Et
230 4221 310 4260 nunc
325 4202 393 4272 huc,
410 4204 477 4260 inde
492 4204 561 4275 huc,
578 4205 709 4262 incertos
724 4205 854 4281 implicat
868 4208 965 4266 orbes.

176 4293 315 4370 Undique
331 4296 409 4354 enim
422 4297 516 4356 densi
529 4298 641 4356 Teucri
655 4297 805 4358 inclusire
819 4298 933 4358 corond
947 4319 955 4370 3

176 4389 277 4465 Atque
292 4390 362 4446 hinc
376 4399 461 4449 vasta
475 4393 570 4469 palus,
587 4393 656 4450 hinc
670 4393 764 4451 ardun
777 4396 887 4453 moenia
901 4396 1032 4472 cingunt.
1105 4399 1162 4454 745

216 4481 245 4540 N
249 4501 284 4538 ec
300 4482 396 4540 minus
408 4484 538 4557 AEnaas,
556 4505 724 4562 quanquam
740 4487 857 4545 tardata
872 4488 983 4566 sagittis

178 4572 332 4633 Interdum
347 4595 445 4653 genua
459 4578 629 4655 impediunt,
646 4598 827 4657 cursumque
841 4590 993 4654 recusant,
