2692 5122
499 785 674 835 AENEIDOS
693 788 763 835 Lm
777 788 840 835 ΧΗ.

174 922 236 983 Olli
249 921 326 982 dura
339 923 424 999 quies
437 924 540 983 oculos
554 934 583 983 et
598 925 713 985 ferreus
727 939 814 1005 urget

175 1016 303 1077 Somnus
316 1037 324 1087 3
349 1017 378 1077 in
393 1025 534 1076 aeternam
550 1019 729 1078 clauduntur
742 1021 854 1078 lumina
868 1026 994 1078 noctem.

213 1113 255 1170 At
270 1112 336 1189 pius
349 1112 469 1170 AEneas
483 1112 616 1170 dextram
629 1113 770 1171 tendebat
784 1115 936 1183 inermem,

175 1204 297 1267 Nudam
310 1205 419 1282 capite,
436 1214 525 1281 atque
539 1226 610 1264 suos
624 1207 755 1265 clamore
770 1210 896 1265 vocabat
910 1226 917 1264 z

175 1297 245 1366 um
259 1298 345 1356 ruitis
359 1298 369 1354 l
392 1317 495 1375 quiere
510 1299 568 1356 ista
581 1318 689 1376 repens
704 1300 853 1358 discordia
867 1300 962 1378 surgit
977 1300 988 1356 l

175 1391 203 1452 0
215 1391 352 1466 cohibete
367 1392 447 1450 iras!
469 1392 561 1451 ictum
571 1393 633 1468 jam
647 1393 755 1464 fredus,
772 1404 801 1452 et
818 1413 920 1452 omues

176 1482 355 1564 composite
369 1486 453 1564 leges
467 1506 474 1556 3
498 1487 569 1544 mihi
578 1488 629 1562 jus
644 1508 826 1546 concurrere
841 1488 896 1546 soli
909 1506 918 1557 3

174 1578 225 1639 tte
240 1579 338 1650 sinite,
355 1588 444 1654 atque
460 1581 575 1638 auferte
589 1590 695 1640 metus.
737 1583 805 1659 Ego
820 1581 934 1639 foedera
947 1581 1014 1638 saxo

175 1671 278 1732 Firma
292 1692 382 1730 manu
399 1691 406 1728 τ
428 1673 564 1731 Turnum
574 1674 636 1749 jam
650 1675 759 1732 debent
774 1676 839 1733 brec
854 1674 924 1732 mihi
938 1693 1035 1733 sacra.

175 1763 243 1824 Has
257 1765 335 1823 iuter
348 1785 450 1835 voces,
467 1766 566 1823 media
579 1768 656 1824 inter
669 1767 742 1824 talia
756 1770 860 1838 rerba,

177 1858 269 1930 llcce,
285 1859 348 1917 viro
362 1859 490 1916 stridens
505 1860 559 1916 alis
573 1860 686 1937 allapsa
705 1861 815 1938 sagitta
829 1870 876 1919 est
890 1879 897 1917 ε

175 1950 327 2012 lacertum
343 1952 402 2028 quai
417 1953 502 2028 pulsa
515 1973 614 2024 manu,
632 1974 691 2030 quo
704 1955 822 2012 turbins
840 1954 948 2012 adacta
961 1973 969 2024 3

176 2045 253 2115 Quia
265 2053 379 2104 tautam
392 2047 513 2105 Rutulis
528 2047 657 2118 laudem,
674 2066 812 2118 casusne,
830 2048 954 2120 deusne,

178 2140 324 2199 Attulerit.
368 2139 479 2198 Pressa
492 2149 537 2198 est
551 2142 675 2218 insignis
688 2142 785 2219 gloria
797 2142 869 2201 sacti
886 2161 893 2210 3

177 2232 243 2293 Nec
257 2253 325 2291 sese
338 2234 450 2292 AEnem
460 2234 584 2308 jactavit
599 2235 721 2291 vulnere
738 2235 904 2310 quisquam.

214 2326 347 2397 Turnus,
365 2336 396 2384 ut
409 2327 532 2384 AEuenn
547 2326 701 2384 cedentem
716 2346 753 2383 ex
768 2328 886 2405 agmine
902 2326 983 2397 vidit,

178 2419 388 2498 Turbatosque
403 2423 505 2493 duces,
523 2421 622 2480 subiti
636 2442 688 2498 spe
704 2422 834 2479 fervidus
848 2422 953 2479 ardet:

177 2514 277 2574 Poscit
292 2535 386 2591 equos
401 2524 490 2591 atquc
506 2515 699 2585 armasimul,
717 2515 854 2591 saltuque
870 2517 1016 2592 superbus

178 2608 296 2668 Emicat
311 2610 340 2667 in
355 2628 486 2679 currum,
503 2618 532 2667 et
546 2608 682 2665 manibus
697 2609 814 2665 molitur
828 2609 970 2667 habenas.

178 2701 275 2761 Multa
290 2704 385 2760 virum
400 2702 526 2760 volitans
541 2702 590 2759 dat
605 2702 690 2759 sortia
705 2721 831 2778 corpora
845 2702 904 2760 leto
917 2721 925 2771 3

180 2795 352 2854 Semineces
367 2795 457 2854 volvit
471 2796 588 2865 multos,
605 2803 657 2852 aut
671 2796 790 2872 agmina
805 2815 895 2854 curru

179 2887 318 2959 Proterit,
336 2900 385 2946 aut
399 2898 500 2965 reptas
514 2889 695 2966 fugientibus
710 2889 818 2966 ingerit
826 2890 944 2949 ,hastas

181 2981 288 3049 Qualis
303 2983 381 3059 apud
395 2983 485 3060 gelidi
500 3002 590 3058 quum
604 2982 725 3041 flumina
739 2983 874 3040 concitus
888 2982 987 3041 Hebri

180 3076 369 3154 Sanguincus
382 3076 504 3133 Mavors
519 3077 624 3153 clypeo
639 3076 782 3153 increpat,
800 3086 889 3153 atque
905 3077 1038 3135 furentes

178 3168 265 3228 Bella
279 3189 400 3227 movens
415 3169 541 3227 immittit
555 3189 669 3245 equos:
692 3170 734 3229 illi
749 3190 870 3246 aequore
886 3180 988 3248 aperto

178 3263 257 3322 Ante
271 3264 366 3322 Notos
382 3264 612 3340 Zephyrumque
628 3264 727 3321 volant
744 3283 751 3331 3
775 3266 867 3341 gemit
882 3264 984 3321 ultima
999 3264 1086 3341 pulsu

180 3358 301 3417 'I'braca
315 3360 422 3436 pedum
436 3379 443 3428 3
467 3359 639 3434 circumque
654 3368 727 3416 atrae
742 3359 920 3417 Formidinis
934 3379 998 3430 ora,
1105 3360 1165 3416 385

180 3453 307 3532 lrmque,
324 3456 514 3530 Insidiaeque,
531 3454 579 3510 dei
593 3455 760 3523 comitatus,
778 3463 916 3531 aguntur.

183 3545 266 3607 Talis
280 3569 373 3625 equos
389 3550 491 3606 alacer
504 3548 602 3605 inedia
615 3548 693 3604 inter
706 3548 811 3623 proelia
825 3547 947 3605 Turnus

184 3643 343 3701 Fumantes
358 3642 467 3700 sudore
483 3641 586 3716 quatit,
604 3641 772 3698 miserabile
788 3642 875 3699 coesis

180 3735 326 3795 Hostibus
341 3737 487 3793 insultans
502 3754 509 3802 3
535 3735 648 3811 spargit
663 3734 766 3810 rapida
781 3735 894 3813 ungula
907 3754 992 3793 rores

181 3832 376 3910 Sanguineas,
393 3829 543 3905 mixtique
558 3849 648 3886 cruor
662 3829 797 3886 calcatur
811 3828 914 3888 areud.
1105 3831 1165 3888 340

179 3925 306 4001 Jamque
317 3922 1165 3999 neciSthenelumquededit,Thamyrimque‚Pholumque3

180 4017 271 4078 Hunc
287 4039 467 4097 congressus
483 4027 512 4076 et
526 4019 605 4076 hunc
620 4037 627 4086 ;
654 4019 734 4076 illum
749 4018 864 4075 eminus
879 4037 886 4085 3
911 4018 1025 4075 eminus
1040 4017 1126 4074 ambo

181 4111 371 4184 Imbrasidas,
388 4114 538 4172 Glaucum
552 4121 641 4188 atquc
655 4112 772 4182 Laden,
790 4130 864 4188 quoa
878 4111 1031 4169 Imbrasus
1046 4111 1108 4188 ipse

181 4206 208 4266 N
210 4208 334 4266 utrierat
348 4207 455 4284 Lycida,
473 4208 653 4284 paribusque
668 4214 827 4263 ornaverat
841 4205 942 4276 armis,

181 4299 237 4361 Vel
252 4303 388 4360 conferre
404 4321 532 4371 manum,
549 4301 596 4358 vel
611 4320 689 4376 equo
704 4307 884 4376 praevertere
899 4307 1012 4358 ventos.
1107 4299 1166 4358 ³4⁵

217 4396 309 4454 Parte
324 4394 394 4466 alit,
411 4395 508 4453 media
522 4394 674 4452 Eumedes
688 4393 718 4450 in
734 4394 837 4470 proelia
852 4393 956 4465 fertur,

181 4490 303 4567 Antiqui
319 4490 417 4567 proles
431 4489 509 4546 bello
525 4488 671 4566 praeclara
684 4487 812 4544 Dolonis
826 4506 834 4555 ;

456 4585 496 4640 28
