2692 5122
186 430 242 487 114
471 425 498 471 Ρ.
519 425 685 473 viamen
707 427 880 477 Msaoms

181 562 277 622 mma
291 563 423 638 deosque
438 573 544 640 parant
558 565 691 637 comites,
708 567 875 645 pelagoque
892 587 1031 628 remenso

182 657 338 736 Improvisi
356 658 490 716 aderunt.
533 658 580 715 lta
594 658 701 737 digerit
715 662 813 719 omina
828 662 969 722 Calchas.

181 751 274 811 Hanc
288 771 341 828 pro
355 751 499 822 Palladio,
516 753 635 823 moniti,
645 756 698 830 'pro
712 754 831 813 numine
845 756 929 831 laeso,

180 844 321 922 Effigiem
335 832 478 914 statuere,
496 846 581 903 nefas
597 866 662 922 quae
677 848 761 905 triste
777 849 880 926 piaret.

151 939 273 1027 ”Hane
286 948 385 997 tamen
400 939 721 1003 immensam,Calchas
736 944 869 1001 attollere
884 945 992 1045 molffl
1112 944 1169 1003 185

180 1033 353 1092 Roboribus
374 1034 473 1103 textis,
491 1034 628 1111 coeloque
644 1036 784 1107 educere,
803 1038 891 1113 jussit
907 1058 914 1108 ;
956 1044 981 1057 ““

180 1126 228 1188 Ne
243 1127 336 1204 recipi
350 1127 443 1204 portis
458 1135 508 1184 aut
523 1127 592 1185 duci
606 1129 636 1186 in
650 1131 759 1186 moenia
775 1131 876 1206 possit,

180 1219 248 1281 Neu
269 1220 407 1297 populum
426 1219 551 1296 antiquis
563 1223 619 1279 sub
633 1222 778 1299 religione
792 1224 880 1282 tueri.

179 1313 269 1384 Nam,
290 1314 315 1371 si
330 1322 430 1371 vestra
444 1332 549 1371 manus
564 1314 704 1373 violasset
719 1316 796 1373 dona
810 1316 967 1387 Minervae,

178 1407 258 1465 Tum
271 1426 409 1485 magnum
425 1407 546 1464 exitium
562 1408 656 1484 (quod
670 1405 702 1465 di
715 1410 896 1485 pribsemen
911 1409 940 1467 in
955 1410 1050 1486 ipsum
1112 1410 1170 1467 190

180 1500 365 1561 convertant
380 1500 403 1577 l)
418 1500 531 1558 Priami
545 1500 667 1578 imperio
680 1501 916 1579 Phrygibusque
926 1502 1067 1561 futurum.

180 1594 233 1651 Sin
247 1594 381 1651 manibus
396 1594 503 1651 vestris
517 1604 645 1652 vestram
662 1596 845 1652 ascendisset
859 1595 888 1652 in
904 1596 1018 1666 urbem,

178 1685 265 1745 Ultro
278 1688 380 1744 Asiam
395 1707 503 1764 magno
516 1687 648 1765 Pelopea
662 1688 699 1745 ad
714 1689 824 1746 moenia
838 1689 916 1746 bello

177 1780 354 1851 Venturam,
370 1789 399 1838 et
415 1791 532 1839 nostros
546 1800 583 1838 ea
597 1782 657 1839 fata
672 1801 792 1839 manere
809 1791 941 1858 nepotes.

217 1874 343 1931 Talibus
358 1873 483 1944 insidiis,
501 1874 670 1951 perjurique
687 1884 750 1933 arte
766 1876 894 1945 Sinonis,
1113 1876 1169 1935 196

180 1968 303 2029 Credita
318 1988 366 2025 res
381 1987 388 2037 ;
412 1969 549 2044 captique
566 1968 641 2025 dolis
656 1968 855 2045 lacrymisque
870 1967 993 2041 coactis,

178 2062 264 2130 Quos
281 2082 380 2138 neque
395 2060 537 2138 Tydides,
554 2081 611 2120 nee
624 2062 794 2120 Larissaeus
808 2063 954 2134 Achilles,

177 2157 246 2216 Non
267 2156 335 2214 anni
351 2155 491 2213 domuere
507 2157 621 2227 decem,
639 2176 697 2214 nou
713 2157 792 2214 mille
806 2156 928 2215 earinoe.

217 2250 280 2308 Hic
295 2249 374 2307 aliud
393 2250 489 2325 majus
504 2250 619 2307 miseris
632 2250 784 2325 multdque
798 2249 982 2308 tremendum

177 2344 326 2419 Objieitur
339 2343 445 2421 magis,
463 2351 551 2418 atque
566 2343 728 2420 improvida
743 2352 864 2420 pectora
877 2343 986 2401 turbat.

174 2430 330 2506 Laocoon,
347 2436 454 2493 ductus
468 2436 496 2494 N
499 2428 709 2512 eptunmft?
717 2435 871 2506 sacerdos,

178 2527 332 2587 Selemnes
346 2538 463 2586 taurum
478 2529 628 2605 ingentem
643 2530 793 2587 mactabat
810 2528 845 2584 ad
861 2548 940 2586 aras.

177 2621 261 2680 Ecce
276 2631 375 2678 autem
389 2622 499 2698 gemini
519 2641 537 2678 a
550 2620 675 2678 Tenedo
689 2621 851 2696 tranquilla
867 2640 920 2697 per
934 2620 994 2677 alta

179 2713 349 2792 (Horresco
370 2715 517 2790 reserens)
534 2713 684 2771 immensis
697 2714 818 2791 orb-ibus
833 2732 948 2790 angues

177 2808 356 2867 Incumbunt
370 2809 487 2885 pelago,
505 2798 682 2884 pariterque
690 2807 727 2864 ad
742 2807 842 2864 littora
855 2805 979 2863 tendunt
996 2825 1004 2875 ;

176 2901 305 2960 Pectora
320 2921 444 2977 quorum
463 2901 539 2958 inter
553 2901 662 2958 fluetus
677 2909 805 2970 arrecta,
824 2900 966 2976 jubaeque

177 2996 357 3072 Sanguinem
372 3002 552 3071 exsuperant
567 2994 664 3051 undas
677 3010 686 3062 ς
711 3013 780 3070 pars
795 3003 904 3051 caetera
918 3001 1040 3070 pontum

175 3088 258 3147 Pone
274 3088 356 3166 legit,
372 3089 552 3164 sinuantque
566 3088 710 3145 immensa
724 3086 873 3144 volumine¹
885 3095 981 3164 terga.

176 3181 225 3240 Fit
239 3182 362 3250 sonitus,
379 3190 533 3256 spumante
548 3181 610 3238 salo
627 3200 634 3249 3
654 3180 777 3255 jamque
793 3198 864 3236 arva
878 3181 1031 3250 tenebant,

175 3278 385 3352 Ardentesque
400 3276 502 3333 oculos
516 3277 633 3333 suffecti
650 3277 794 3354 sanguine
810 3285 838 3333 et
853 3276 925 3353 igni,

176 3370 457 3428 Sibilalambebant
472 3369 580 3443 linguis
594 3370 777 3428 vibrantibus
792 3390 853 3429 ora.
882 3358 920 3419 Ὗ

175 3462 358 3540 Diffugimus
372 3462 437 3518 visu
452 3480 631 3537 exsangues.
677 3462 723 3519 Illi
738 3465 855 3541 agmine
870 3471 953 3522 certo

174 3555 350 3616 Laocoonta
365 3564 466 3632 petunt
480 3574 487 3623 ;
513 3564 541 3611 et
556 3555 680 3632 primirm
696 3576 786 3633 parva
801 3558 927 3615 duorum

176 3648 314 3726 Corpora
327 3657 462 3707 natorum
477 3668 601 3726 serpens
616 3650 769 3727 amplexus
784 3662 911 3726 uterque

176 3740 321 3818 Implicat,
337 3751 366 3801 et
385 3743 509 3801 miseros
523 3763 621 3801 morsu
638 3743 809 3820 depascitur
823 3754 915 3803 artus.

174 3833 259 3905 Pasa,
275 3836 381 3912 ipsum,
398 3837 506 3894 auxilio
522 3839 696 3895 subeuntem
712 3858 747 3895 ac
761 3839 821 3896 tcla
835 3839 991 3908 ferentem,

176 3928 359 4006 Corripiunt,
376 3929 522 4006 spirisque
537 3931 629 4007 ligant
651 3932 841 4009 ingentibus3
866 3940 895 3988 et
912 3931 975 4006 jam

176 4021 230 4081 Bis
248 4023 374 4080 medium
390 4023 526 4099 amplexi,
543 4023 588 4080 bis
604 4025 680 4082 eollo
694 4045 838 4100 squamea
852 4023 966 4082 circbm

174 4116 278 4194 Terga
292 4116 363 4188 dati,
380 4124 520 4194 superant
535 4118 632 4193 capite
648 4127 678 4174 et
692 4120 860 4176 cervicibus
875 4118 951 4176 altis.

175 4210 229 4269 llle
244 4211 331 4270 simul
347 4211 484 4270 manibus
497 4211 590 4269 tendit
604 4211 744 4271 divellere
760 4212 863 4284 nodos,
