2692 5122
184 370 225 429 24
468 365 495 415 Ρ.
518 367 682 415 vinorum
707 368 881 417 mnnonts

184 505 288 565 Audiit
301 505 444 577 Eurotas,
456 504 607 583 jussitque
620 509 757 566 ediscere
770 508 883 579 lauros,
932 553 936 560 ,
984 517 986 520 ’

185 597 240 658 Ilio
255 598 335 657 canit
350 616 357 656 ε
380 599 474 676 puisse
488 599 620 658 referunt
633 602 671 659 sd
685 602 786 659 sidero
799 602 914 660 velles:

185 690 307 771 Cogere
321 691 416 751 donec
431 710 503 750 oves
517 694 642 751 stabulis
656 714 871 771 numerumque
886 694 999 754 referre
1134 697 1175 756 85

182 785 289 858 Jussit,
304 793 334 846 et
349 785 441 844 invito
454 791 601 863 processit
612 787 730 865 Vesper
743 788 880 866 Olympo.

560 987 789 999 ——-

524 1128 717 1195 ECLOGA
746 1130 825 1195 VII.

571 1280 777 1332 crememus.

586 1434 764 1476 mucimus.

182 1536 290 1598 Fcere
304 1540 360 1598 sub
375 1540 483 1618 argute
497 1538 674 1599 consederet
689 1541 757 1622 ilice
770 1540 918 1618 Daphnis,

183 1631 457 1710 Compulerentque
471 1653 583 1712 greges
595 1633 738 1710 Corydon
753 1643 782 1691 et
796 1635 924 1712 Thyrsis
937 1635 968 1694 in
981 1654 1073 1695 unum
1086 1654 1095 1705 3

181 1723 308 1802 Thyrsis
322 1745 404 1798 oves,
421 1726 565 1804 Corydon
579 1727 724 1785 distentos
738 1728 815 1785 lecte
829 1728 963 1805 cupellas
977 1747 985 1786 t

181 1817 280 1877 Ambo
294 1819 435 1878 florentes
449 1821 597 1891 aetetibus,
614 1820 749 1878 Arcades
765 1822 863 1893 umbo,

180 1910 221 1971 Et
236 1921 359 1971 cantare
374 1933 472 1990 pares,
490 1922 519 1970 et
533 1913 714 1991 respondere
730 1914 834 1990 parati.
1148 1917 1169 1972 ὅ

220 2004 292 2065 Huc
306 2007 386 2078 mihi,
402 2007 472 2064 dum
486 2015 606 2064 teneres
619 2006 746 2064 defendo
760 2026 779 2064 e
792 2007 903 2085 frigore
916 2015 1038 2084 myrtos,

180 2096 237 2157 Vir
250 2099 352 2177 gregis
367 2101 430 2178 ipse
444 2119 536 2177 ceper
549 2099 762 2158 deerraveret:
786 2109 875 2175 etque
890 2118 949 2179 ego
962 2100 1105 2177 Daphnin

180 2191 331 2270 Adspicio.
374 2192 429 2252 Ille
445 2195 494 2252 ubi
508 2213 555 2252 me
569 2193 675 2252 contrd
690 2192 778 2264 videt,
798 2199 818 2224 “
828 2193 958 2265 Ocius,’'
971 2194 1077 2270 iuquit,

183 2286 287 2344 “Huc
302 2287 384 2358 edes,
399 2306 417 2344 o
433 2286 580 2346 Meliboee
595 2306 603 2357 ;
627 2306 720 2364 ceper
731 2287 785 2345 tibi
799 2288 911 2357 salvus,
927 2295 957 2344 et
971 2287 1049 2347 haedi
1065 2307 1072 2348 :

179 2378 231 2451 Et,
247 2381 273 2439 si
287 2380 358 2456 quid
372 2398 492 2438 cessure
508 2388 601 2458 potes,
617 2380 775 2456 requiesce
789 2382 845 2437 sub
860 2379 975 2440 umbri.
1130 2386 1166 2442 10

179 2471 252 2532 Huc
267 2473 322 2550 ipsi
336 2481 436 2550 potum
449 2473 568 2531 venient
583 2493 636 2550 per
650 2483 734 2550 prata
744 2473 866 2548 juvenci
880 2492 888 2543 ;

178 2563 243 2624 Hic
257 2566 358 2624 viridis
371 2564 476 2625 tenerit
489 2568 622 2644 praetexit
637 2567 780 2625 arundine
794 2566 875 2644 ripes

178 2650 319 2732 Mincius,
335 2679 412 2737 eque
427 2660 517 2719 socri
530 2669 670 2719 resonent
684 2661 821 2718 examine
837 2661 984 2737 quercu.'’

179 2751 260 2822 Quid
269 2755 423 2813 facerem?
437 2774 535 2831 neque
545 2773 602 2832 ego
610 2754 767 2831 Alcippen,
778 2773 833 2814 neo
845 2754 993 2832 Phyllide,
1003 2755 1161 2829 habebunt,

177 2843 328 2924 Depulsos
343 2868 361 2905 e
374 2849 451 2906 lecte
466 2848 545 2905 domi
559 2867 625 2923 quae
640 2848 793 2907 clauderet
808 2867 903 2926 ugnos
918 2867 926 2918 3
1127 2852 1164 2910 15

177 2939 217 2998 Et
232 2949 384 2999 certamen
398 2949 474 3012 eret,
491 2941 633 3017 Corydon
646 2959 714 2998 cum
726 2941 886 3018 Thyrside,
901 2961 1052 3020 magnum.
1162 2925 1165 2941 ³

177 3028 338 3093 Posthebui
352 3045 452 3094 temen
466 3035 581 3093 illorum
596 3054 663 3092 mee
676 3035 755 3093 serio
769 3034 847 3094 iudo.

176 3126 311 3187 Alternis
326 3129 416 3207 igitur
429 3128 609 3187 contendere
624 3129 760 3186 versibus
773 3131 861 3187 ambo

177 3220 330 3300 Coepere;
354 3224 484 3281 alternos
498 3222 595 3280 Musae
611 3223 779 3280 meminisse
794 3223 941 3282 volebant.

176 3314 245 3373 Hcs
260 3315 412 3394 Corydon,
428 3315 494 3374 ilios
508 3315 657 3373 rescrebat
671 3316 701 3371 in
714 3315 817 3373 ordine
831 3316 968 3391 Thyrsis.
1118 3320 1163 3378 20

592 3491 742 3533 cosmon.

175 3598 333 3677 Nymphae,
347 3606 447 3658 noster
461 3617 554 3671 emor,
569 3597 769 3671 Libethrides,
786 3607 837 3658 eut
851 3598 922 3658 mibi
935 3618 1067 3674 carmon,

176 3691 274 3760 Quale
289 3712 355 3751 meo
368 3691 481 3764 Codro,
497 3692 651 3750 concedite
668 3710 676 3760 ;
701 3693 834 3769 proxima
846 3691 954 3752 Phoebi

175 3784 321 3845 Versibus
334 3787 383 3846 ille
397 3787 468 3846 fecit
483 3806 490 3845 τ
513 3794 574 3858 eut,
591 3787 687 3844 sinon
702 3805 859 3864 possumus
871 3807 985 3862 omues,

175 3878 239 3939 Hic
252 3888 361 3959 arguto
374 3883 459 3941 secti
474 3880 613 3960 pendebit
627 3881 726 3939 fistule
740 3881 819 3960 pinu.

597 4058 736 4100 Turiostu.

176 4161 328 4234 Psstores,
343 4161 453 4222 hedert
467 4173 652 4222 crescentem
667 4151 771 4223 ornate
786 4165 912 4241 poitem,
1118 4166 1158 4224 95

174 4256 321 4330 Arcades,
336 4256 445 4317 invidit
460 4266 635 4335 rumpentur
647 4266 680 4317 ut
694 4258 745 4317 iiie
759 4256 881 4317 Codro:
