2692 5122
1092 382 1100 400 b

1141 420 1144 438 l

486 794 707 844 caeruleos
727 794 798 843 unt
813 795 861 844 Ν.

182 938 272 998 Saevit
285 944 317 996 et
331 935 361 994 in
374 935 473 994 lucem
487 934 599 1013 Stygiis
612 934 723 994 emissa
735 935 866 994 tenebris

181 1029 299 1090 Pallida
312 1029 486 1107 Tisiphone,
502 1029 627 1093 Morbos
642 1029 704 1107 agit
718 1030 786 1088 anti
800 1029 986 1107 Metumque,

183 1124 277 1201 Inque
292 1122 356 1182 dies
370 1122 489 1182 avidum
502 1141 630 1201 surgens
644 1132 734 1201 caput
748 1123 837 1182 altilis
851 1123 947 1183 effert.

181 1216 287 1276 Balatu
302 1235 443 1294 pecorum
456 1224 487 1274 et
500 1217 616 1274 crebris
630 1217 790 1295 mugitibus
804 1234 907 1275 amnes

181 1311 371 1387 Arentesque
385 1318 492 1369 sonant
505 1310 589 1388 ripas,
605 1310 758 1387 collesque
772 1312 879 1389 supini.
1108 1314 1168 1372 555

180 1404 308 1480 Jamque
322 1403 497 1462 catervatim
511 1403 561 1462 dat
575 1412 718 1482 stragem,
734 1413 824 1481 atque
838 1413 964 1484 aggerat
977 1404 1049 1485 ipsis

180 1494 215 1555 ln
228 1497 354 1555 stabulis
366 1497 445 1574 turpi
459 1496 575 1575 dilapsa
590 1498 740 1557 cadavera
752 1500 824 1556 tabo
836 1518 845 1569 3

179 1589 285 1649 Donec
300 1590 388 1648 humo
402 1599 506 1668 tegere
521 1610 558 1649 ac
571 1591 666 1649 foveis
679 1579 866 1650 'abscondere
878 1592 1005 1652 discunt.

179 1682 207 1743 N
210 1702 256 1742 am
270 1702 369 1761 nequa
383 1692 448 1742 erat
463 1684 554 1742 coriis
567 1705 640 1744 usus
655 1704 663 1755 ;
687 1705 744 1744 nec
759 1686 877 1744 viscera
891 1687 1048 1764 quisquam

179 1778 239 1836 Aut
253 1777 340 1835 undis
354 1777 476 1835 abolere
490 1786 597 1856 potest,
613 1787 663 1838 aut
677 1780 799 1838 vincere
813 1779 933 1839 flammi
945 1799 954 1851 3
1107 1783 1166 1841 560

178 1870 245 1930 Nec
259 1870 382 1929 tondere
397 1871 516 1947 quidem
529 1872 632 1931 morbo
646 1873 807 1950 illuvieque
821 1892 931 1951 peresa

179 1960 302 2022 Vellera
314 1983 322 2033 ;
345 1982 402 2022 nec
416 1964 493 2022 telas
507 1976 628 2043 possunt
643 1967 790 2044 attingere
806 1975 917 2044 putres.

177 2056 291 2116 Verium
305 2058 405 2133 ctiam,
421 2058 532 2117 invisos
546 2059 571 2118 si
587 2060 652 2136 quis
665 2061 797 2120 tentarat
810 2063 946 2134 amictus,

115 2197 116 2200 ,
178 2151 327 2209 Ardentes
341 2152 467 2229 papulas,
485 2161 574 2228 atque
588 2153 755 2212 immundus
768 2155 879 2214 olentia
893 2154 986 2216 sudor

179 2243 315 2302 Membra
328 2246 533 2321 sequebatur;
556 2265 613 2305 nec
626 2247 716 2326 longo
731 2248 838 2306 deinde
852 2249 978 2309 moranti
1104 2250 1165 2308 565

178 2339 324 2419 Tempore
338 2348 494 2400 contactos
508 2350 591 2401 artus
604 2361 694 2402 sacer
706 2343 784 2421 ignis
797 2344 915 2403 edebat.

470 2918 870 2995 GEORGICON

538 3133 700 3195 LIBER
726 3135 788 3196 IV.

543 3334 776 3349 ψ

174 3473 340 3533 Paoaanus
356 3475 429 3533 adrii
444 3475 540 3533 mellis
554 3474 692 3533 coelestia
705 3473 783 3531 dona

175 3566 354 3643 Exsequar:
373 3568 452 3625 hano
467 3568 568 3638 etiam,
583 3566 749 3637 Maecenas,
767 3564 888 3642 adspice
903 3571 1026 3641 partem.

174 3660 358 3718 Admiranda
372 3662 424 3719 tibi
439 3661 549 3719 levium
563 3659 737 3738 spectacula
751 3678 861 3730 rerum,

173 3751 443 3831 Magnanimosque
458 3755 560 3826 duces,
576 3754 726 3830 totiusque
740 3753 843 3812 ordine
857 3751 956 3832 gentis

173 3842 286 3917 Mores,
303 3856 333 3904 et
347 3848 455 3919 studia,
472 3857 501 3905 et
517 3848 650 3926 populos,
666 3856 695 3905 et
710 3847 825 3925 proelia‚
841 3847 948 3906 dicam.
1141 3845 1161 3904 5

174 3937 210 3997 ln
224 3941 306 3997 tenui
320 3940 405 3999 labor
418 3960 426 4010 ;
450 3949 480 3998 at
492 3942 591 3999 tenuis
605 3960 665 3999 uon
680 3940 777 4018 gloria
792 3959 801 4010 ς
824 3940 850 3998 si
865 3960 953 4016 quem

174 4032 305 4092 Numina
319 4035 396 4093 laeva
409 4036 518 4107 sinunt,
535 4036 676 4112 auditque
692 4045 814 4093 vocatus
828 4035 944 4112 Apollo.

213 4126 364 4204 Principio
379 4128 467 4186 sedes
481 4129 587 4205 apibus
601 4129 748 4204 statioque
764 4128 901 4205 peteuda,

176 4216 244 4285 Quo
260 4238 358 4296 neque
372 4221 409 4279 sit
423 4221 519 4279 ventis
532 4221 630 4279 aditus
646 4222 728 4299 (nam
743 4222 851 4298 pabula
865 4221 945 4280 venti

174 4309 269 4370 Ferre
284 4313 403 4372 domum
417 4314 598 4392 prohibent,)
613 4335 711 4392 neque
727 4335 798 4373 oves
811 4316 949 4393 haedique
963 4316 1073 4396 petulci
1125 4319 1161 4377 10

151 4418 154 4424 ’
175 4404 314 4466 Floribus
328 4408 479 4481 insultent,
496 4417 547 4467 aut
561 4428 666 4468 errans
680 4411 789 4468 bucula
801 4430 907 4488 campo

175 4498 317 4558 Decutiat
332 4521 439 4575 rorem,
456 4511 485 4561 et
500 4512 658 4582 surgentes
673 4513 781 4562 atterat
795 4505 917 4564 herbas.

176 4594 281 4653 Absint
296 4603 327 4652 et
341 4595 412 4673 picti
425 4598 593 4674 squalentia
605 4606 694 4675 targa
712 4598 818 4657 lacerti
