2692 5122
515 783 690 834 AENRIDOS
709 786 781 834 uta.
794 786 824 835 V.

175 920 331 1004 Argivirm
348 930 465 982 vestras
478 942 548 1002 spes
561 925 654 985 uritis.
695 925 744 985 En
759 945 817 1005 ego
832 931 931 985 vester

174 1019 333 1079 Ascanius,
376 1017 504 1077 Galeam
518 1028 587 1077 ante
602 1020 693 1097 pedes
707 1021 832 1098 projecit
846 1021 976 1092 inanem,

175 1112 245 1182 Qut
258 1112 330 1171 ludo
344 1111 464 1170 indutus
478 1113 549 1170 belli
562 1113 723 1172 simulacra
737 1115 845 1174 ciebat.

175 1205 337 1269 Accelerat
351 1206 438 1264 simul
454 1208 579 1278 AEneas,
595 1208 683 1266 simul
698 1209 817 1287 agmina
829 1210 991 1268 Teucrum.

90 1381 92 1385 ,
175 1300 231 1360 Ast
246 1301 304 1359 illm
319 1299 439 1359 diversa
453 1309 533 1359 metu
549 1320 603 1379 per
616 1302 717 1360 littora
731 1303 840 1379 passim

175 1393 343 1472 Diffugiunt
357 1413 365 1464 ;
389 1394 553 1470 silvasque,
569 1388 710 1455 efflicubi
725 1415 860 1455 concava
873 1396 973 1455 furtim

175 1489 264 1560 Sars,
281 1496 393 1566 petunt.
436 1488 525 1567 Piget
538 1489 660 1566 incepti,
676 1490 833 1566 lucisque;
857 1507 989 1566 suosque

174 1580 300 1640 Mutatio
315 1591 494 1660 agnoscunt,
510 1602 699 1660 excussaque
714 1591 836 1660 pectore
850 1584 931 1642 Juno
945 1589 1000 1642 est.

174 1674 232 1735 ssd
247 1695 308 1735 non
322 1676 435 1735 idcirco
448 1677 573 1735 flammae
589 1686 679 1754 atque
695 1677 834 1736 incendia
848 1677 928 1736 vires

176 1767 338 1828 Indomitas
351 1767 500 1848 posuere:
525 1771 583 1830 udo
598 1773 653 1829 sub
669 1773 777 1829 robore
791 1772 861 1830 vivit

176 1864 299 1941 Stuppa,
316 1883 437 1922 vomens
451 1864 569 1923 tardum
583 1866 694 1923 fumum
708 1883 716 1935 ;
739 1866 897 1941 lentusque
912 1863 1032 1922 carinas

175 1957 230 2016 Est
244 1977 347 2035 vapor,
363 1967 394 2017 et
407 1968 470 2016 toto
484 1958 638 2040 descendit
650 1979 777 2037 corpore
791 1961 883 2038 pestis
899 1979 907 2029 ;

175 2051 203 2111 N
205 2070 241 2110 ec
255 2052 336 2110 vires
349 2052 473 2111 heroum
487 2053 644 2131 infusaque
659 2054 782 2112 flumina
795 2062 928 2132 prosunt.

174 2138 250 2204 Tum
266 2145 332 2223 pius
346 2146 466 2205 AEneas
479 2147 610 2206 humeris
624 2147 801 2206 abscindere
816 2157 941 2220 vestem,

175 2239 355 2316 Auxilioque
370 2259 478 2298 vocare
494 2242 576 2312 deos,
593 2249 623 2299 et
637 2240 760 2299 tendere
775 2242 909 2319 palmas:

176 2333 293 2411 Jupiter
307 2334 502 2411 omnipotens,
519 2336 544 2393 si
558 2334 688 2393 nondum
702 2354 811 2393 exosus
826 2335 863 2392 ad
878 2353 970 2393 unum

176 2426 335 2503 'l'rojunos¹
351 2428 376 2485 si
391 2427 461 2504 quid
476 2428 572 2505 pietas
586 2428 708 2503 antiqua
721 2429 841 2486 labores

177 2519 312 2598 Respicit
327 2521 471 2580 humanos
486 2541 493 2591 ;
518 2521 557 2579 da
571 2522 719 2579 flammam
733 2522 863 2579 evadere
879 2519 971 2579 classi

177 2612 277 2685 Nunc,
291 2614 394 2685 Pater,
411 2623 441 2672 et
455 2623 562 2673 tenues
576 2613 728 2673 Teucrrim
743 2634 792 2672 res
806 2614 888 2692 eripe
903 2615 973 2673 leto.

177 2706 235 2766 Vel
248 2717 292 2779 tu,
310 2708 388 2785 quod
403 2717 549 2786 superest,
568 2709 675 2768 infesto
690 2709 811 2767 fulmine
826 2708 924 2780 morti,

179 2805 210 2863 Si
223 2824 352 2876 mereor,
368 2803 498 2876 demitte,
514 2803 627 2881 tuaique
643 2804 691 2862 bic
706 2806 799 2862 obrue
814 2800 929 2862 dextri.

179 2895 240 2956 Vix
253 2899 320 2956 baec
334 2897 480 2968 ediderat,
497 2918 587 2974 quum
601 2899 705 2956 effusis
720 2899 864 2956 imbribus
879 2906 945 2955 atra

179 2990 357 3069 Tempestas
371 2992 436 3050 sine
450 3011 532 3050 more
547 2992 628 3064 furit¹
644 2993 814 3068 tonitruque
829 2993 1003 3049 tremiscunt

181 3085 285 3144 Ardua
297 3094 446 3144 terrarum
461 3093 490 3144 et
505 3087 602 3164 campi
616 3106 623 3156 ;
647 3087 705 3145 ruit
720 3087 831 3144 aetbere
846 3093 908 3143 toto

181 3179 331 3238 Turbidus
346 3180 441 3239 imber
455 3178 544 3257 aquia,
561 3180 721 3256 densisque
736 3180 915 3257 nigerrimus
929 3177 1049 3236 Austris
1063 3195 1071 3246 3

182 3269 404 3352 Implenturque
418 3273 510 3352 super
523 3293 637 3351 puppes
651 3293 658 3343 ;
683 3274 825 3331 semiusta
840 3272 1016 3329 madescunt

182 3367 304 3426 Robora
317 3386 325 3437 3
350 3369 510 3427 restinctus
524 3368 620 3425 donec
634 3387 728 3444 vapor
740 3366 846 3434 omnis,
863 3373 892 3421 et
907 3382 1020 3435 omnes,

184 3459 321 3528 Quatuor
335 3462 462 3533 amissis,
479 3469 606 3519 servatae
620 3479 638 3517 a
653 3468 736 3536 peste
751 3457 871 3516 carinae.

218 3558 260 3614 At
275 3566 360 3633 pater
372 3557 503 3626 AEncas‚
519 3574 592 3612 casu
608 3572 773 3611 concussus
792 3551 914 3620 acerbo,

185 3649 271 3709 Nunc
285 3651 345 3708 huc
359 3649 497 3727 ingentes
511 3667 591 3705 nunc
605 3648 676 3705 illuc
690 3653 811 3722 pectore
826 3662 916 3701 curas

186 3739 332 3814 Mutabat,
348 3761 484 3811 versans,
501 3741 648 3798 Siculisne
664 3736 808 3796 resideret
823 3735 913 3807 arvis,
1015 3743 1018 3746 ⁴

187 3835 302 3894 Oblitus
316 3836 454 3906 latorum,
473 3835 604 3893 Italasne
619 3838 792 3910 capesseret
806 3849 885 3888 oras,

186 3927 261 3988 Tum
276 3930 378 3988 senior
392 3931 519 4000 Nautes,
537 3947 626 3986 unum
640 3927 777 3984 Tritonia
794 3925 897 3983 Pallas

186 4021 285 4091 Quem
300 4023 412 4095 docuit,
428 4023 581 4099 multaque
596 4023 742 4099 insignem
757 4018 883 4077 reddidit
898 4025 973 4089 arte,

187 4115 264 4177 Haec
279 4136 424 4194 responsa
437 4117 538 4187 dabat,
555 4116 603 4173 vel
619 4135 684 4192 quae
700 4112 889 4192 portenderet
909 4112 954 4169 ira

188 4208 306 4289 Magna
319 4208 417 4282 deum,
433 4211 481 4268 vel
497 4229 563 4287 quae
580 4209 707 4267 satorum
721 4213 859 4284 posceret
873 4205 955 4264 ordo.

189 4302 276 4382 laque
291 4305 339 4362 his
352 4305 476 4362 AEnean
491 4304 604 4362 solatus
617 4302 741 4359 vocibus
757 4300 839 4357 infit:

189 4397 266 4457 Nate
282 4397 350 4469 ded,
368 4397 426 4474 qud
441 4398 503 4456 fata
516 4397 637 4455 trahunt
651 4395 876 4469 retrahuntque,
894 4410 1076 4469 sequamur:

190 4489 343 4569 Quidquid
357 4491 423 4561 erit,
440 4490 610 4568 superanda
624 4488 718 4546 omnis
733 4487 850 4544 fortuna
865 4485 987 4544 serendo
1002 4491 1056 4544 est.
1118 4484 1177 4541 'tto

190 4585 244 4646 uss
257 4586 312 4645 tibi
325 4584 498 4644 Dardanius
511 4585 618 4644 divinae
636 4582 736 4660 stirpis
749 4581 879 4640 Acestes
892 4597 899 4636 ε
