2692 5122
195 404 256 464 202
487 400 513 445 a.
528 372 697 445 viaein'n
721 397 895 447 ursonis

194 540 287 599 Porta
301 538 438 608 adverse,
455 538 572 614 ingens,
588 537 741 612 solidoque
757 537 913 595 adamante
932 536 1101 608 columam

194 632 251 691 Vis
265 640 296 690 ut
310 632 392 689 nulle
407 629 512 701 virum,
529 650 586 687 non
603 630 658 707 ipsi
676 630 850 688 exscindere
866 630 945 687 serre

196 725 351 786 Coelicolre
365 725 493 782 valeant.
536 725 600 781 Stet
615 724 714 780 ferrea
727 723 817 781 turris
831 723 869 782 ad
883 740 995 792 auras;

194 819 416 896 Tisiphoneque
432 817 549 886 sedens,
567 816 648 893 pant
662 817 817 875 succincta
831 815 966 888 cruentis,
1122 816 1184 876 6⁶6

193 912 383 970 Vestibulum
398 911 547 968 exsomnis
561 920 662 968 servet
675 918 840 987 noctesque
855 910 988 987 diesque.

193 1005 276 1064 Hinc
291 1005 424 1062 exaudiri
439 1003 578 1082 gemitus,
595 1018 624 1063 et
639 1023 720 1062 sarva
737 1023 845 1062 sonare

193 1098 330 1157 Verbera
345 1117 351 1154 ε
373 1106 435 1155 tum
449 1097 557 1155 stridor
572 1098 652 1169 ferri,
669 1106 831 1174 tractaeque
846 1104 971 1155 catenae.

194 1193 336 1254 Constitit
350 1193 480 1263 AEneas,
497 1194 710 1270 strepitumque
725 1193 884 1250 exterritus
898 1191 995 1250 hausit
1010 1209 1019 1248 t

193 1286 271 1354 Quae
286 1287 433 1344 scelerum
447 1286 565 1343 facies?
588 1307 605 1343 o
621 1287 715 1363 virgo,
731 1286 846 1354 effare;
870 1285 1015 1362 quibusve
1119 1285 1181 1345 beo

192 1380 345 1458 Urgentur
360 1380 480 1456 poenis?
503 1380 551 1456 qui
566 1387 666 1437 tantus
681 1380 805 1457 plangor
820 1378 856 1436 ad
870 1377 985 1436 auras?

191 1473 271 1530 Tum
285 1483 368 1530 vates
382 1474 425 1531 sic
441 1493 510 1530 orsa
523 1474 604 1549 loqui
618 1493 625 1530 ι
647 1473 718 1531 Dux
732 1472 842 1548 inclyte
856 1468 1018 1544 Tencrdm,

190 1566 273 1625 Nulli
286 1567 330 1623 las
344 1575 428 1623 casto
441 1567 620 1624 sceleratum
635 1566 772 1623 insistere
787 1565 875 1623 limen
889 1583 897 1633 3

191 1659 250 1717 Sed
264 1678 322 1730 me,
340 1678 429 1735 quum
443 1660 518 1716 lucis
533 1658 653 1716 Hecate
669 1659 802 1735 praefecit
816 1657 955 1728 Aramis,

190 1750 260 1829 Ipsa
274 1752 362 1809 desim
377 1768 481 1829 poenas
496 1752 606 1821 docuit,
623 1771 735 1829 perque
750 1752 847 1809 omnia
867 1750 959 1808 duxit.
1117 1750 1177 1811 566

190 1844 322 1903 Gnosius
336 1845 401 1902 haec
416 1844 664 1902 Rhadamanthus
678 1845 767 1901 habet
778 1844 936 1901 durissima
948 1860 1065 1922 regnu

190 1937 389 2016 Castigatque
404 1937 544 2014 auditque
559 1937 653 2008 dolos,
669 1938 838 2014 subigitque
853 1936 937 1994 fateri

190 2029 267 2098 Quae
284 2031 349 2107 quis
363 2030 442 2107 apud
457 2050 592 2107 superos,
610 2030 686 2088 furto
700 2030 817 2088 laetatus
831 2029 921 2100 inani,

187 2122 312 2181 Distulit
326 2124 355 2180 in
370 2142 468 2180 seram
482 2123 640 2181 commissa
660 2124 779 2200 piacula
792 2130 926 2181 mortem.

188 2214 339 2275 Continud
355 2226 456 2273 sontes
471 2216 558 2273 ultrix
574 2217 710 2273 accincta
725 2216 844 2293 flagello
1113 2213 1174 2274 bro

186 2311 350 2386 Tisiphone
367 2311 460 2385 quatit
474 2311 618 2368 insultans
633 2330 640 2379 ;
663 2318 824 2387 torvosque
838 2308 959 2369 sinistris

187 2401 342 2460 Intentans
357 2422 481 2480 angues,
497 2411 585 2460 vocat
600 2404 719 2480 agmina
733 2423 814 2461 saeva
828 2421 972 2462 sororum.

187 2493 264 2552 Tum
279 2495 396 2551 demum
410 2495 564 2552 horrisono
579 2494 735 2552 stridentes
750 2496 871 2553 cardine
886 2513 982 2555 sacrae

185 2586 360 2644 Panduntur
374 2595 475 2663 portae.
519 2585 640 2657 Cernis,
657 2587 792 2645 custodie
807 2588 903 2663 qualis

184 2677 342 2735 Vestibulo
356 2678 485 2735 sedeat?
507 2678 600 2736 facies
616 2699 681 2754 quae
697 2673 933 2738 limina'servetl
1113 2680 1171 2740 816

186 2769 409 2848 Quinquaginta
426 2772 498 2828 atris
513 2772 647 2830 immanis
661 2773 790 2831 hiatibus
804 2773 913 2850 Hydra

185 2864 298 2922 Saevior
313 2852 391 2921 intus
405 2865 494 2922 habet
509 2865 619 2925 sedem.
662 2865 741 2924 Tum
752 2867 900 2925 Tartarus
913 2866 977 2943 ipse

183 2956 235 3015 Bis
250 2966 329 3034 patet
344 2958 374 3015 in
388 2977 522 3035 praeceps
536 2959 660 3028 tannim,
675 2961 827 3036 tenditque
847 2963 902 3018 sub
917 2961 1049 3033 umbras,

184 3051 323 3119 Quantus
338 3053 374 3109 ad
390 3054 543 3111 oetherium
557 3055 625 3113 coeli
640 3064 797 3132 suspectus
811 3055 979 3133 Olympum.

182 3145 245 3205 Hic
261 3167 356 3224 genus
372 3148 523 3223 antiquum
537 3149 653 3219 Terrae,
668 3149 791 3206 Titania
805 3152 908 3225 pubes,
1110 3150 1169 3210 580

181 3238 318 3297 Fulmine
333 3240 451 3316 dejecti,
467 3241 557 3298 fundo
574 3242 730 3299 volvuntur
745 3242 772 3299 in
788 3242 855 3300 imo.

181 3331 245 3389 Hic
259 3342 288 3389 et
303 3332 426 3389 Aloidas
441 3334 586 3410 geminos,
603 3335 741 3392 immania
754 3335 824 3406 vidi,

182 3422 328 3501 Corpora,
346 3425 395 3500 qui
410 3425 546 3481 manibus
560 3444 699 3503 magnum
713 3428 883 3485 rescindere
899 3427 1011 3488 coelum

178 3517 336 3594 Aggressi,
353 3517 529 3593 superisque
543 3517 649 3575 Jovcm
664 3520 821 3578 detrudere
836 3522 948 3599 regnis.

178 3608 249 3667 Vidi
263 3619 292 3667 et
307 3609 444 3667 crudeles
458 3609 576 3667 dantem
591 3612 749 3670 Salmonea
770 3633 884 3691 poenas,
1108 3616 1166 3675 686

178 3700 259 3759 Dum
273 3703 407 3759 flammas
421 3702 506 3760 Jovis
521 3712 550 3760 et
564 3706 677 3763 sonitus
692 3707 822 3766 imitetur
835 3708 965 3785 Olympi.

178 3792 316 3860 Quatuor
329 3795 378 3852 hic
393 3796 529 3853 invectus
542 3799 638 3873 equis,
655 3808 684 3856 et
699 3801 835 3877 lampada
850 3821 1009 3876 quassans,

176 3885 236 3944 Per
249 3887 373 3945 Graiirm
388 3889 511 3964 populos
524 3891 688 3966 mediaeque
705 3913 756 3968 per
770 3893 865 3950 Elidis
880 3896 985 3952 urbem

176 3980 242 4039 Ibat
257 4002 360 4053 ovans,
378 3984 537 4061 divquue
552 3986 608 4044 sibi
622 3980 761 4064 poscebat
778 3989 942 4048 honorem:

174 4073 328 4133 Demens!
352 4079 401 4153 qui
416 4079 530 4136 nimbos
544 4091 573 4137 et
588 4101 645 4139 non
661 4082 801 4139 imitabile
817 4083 927 4140 fulmen
1106 4084 1163 4145 690

174 4170 253 4229 AEre
268 4180 297 4229 et
311 4173 502 4250 cornipedum
517 4176 601 4253 pulsu
617 4175 772 4234 simuldrat
787 4196 940 4252 equorum.
