2692 5122
194 372 256 434 m
482 370 509 417 P.
530 368 698 416 VlRGlLll
715 368 888 418 ursonis

195 508 331 566 Tandem
346 508 488 585 corripuit
502 527 581 576 sese,
598 516 688 584 atque
702 508 823 566 inimica
835 508 946 585 refugit

195 601 231 660 In
245 622 350 660 nemus
364 602 567 673 umbriferum,
586 602 695 676 conjux
709 602 761 658 ubi
775 602 916 679 pristinus
930 601 976 669 itti,

194 695 368 772 Respondet
381 695 473 765 curis,
489 704 648 771 aequatque
664 695 809 770 Sychaeus
823 712 963 753 amorem

194 788 261 847 Nec
274 788 371 846 minus
385 789 515 859 AEneas,
532 808 604 845 casu
620 808 780 865 percussus
794 789 905 864 iniquo,
1122 790 1185 851 470

193 882 389 958 Prosequitur
402 882 573 958 lacrymans
587 883 687 959 longe,
701 892 731 939 et
745 882 904 939 miseratur
917 889 1047 942 euntem.

216 975 305 1043 ,Inde
320 976 420 1034 datum
435 976 553 1033 molitur
567 977 642 1033 iter:
661 977 784 1052 jamque
799 995 873 1032 arva
886 976 1028 1034 tenebant

192 1067 313 1139 Ultima,
332 1090 397 1145 quae
412 1070 490 1126 hello
505 1069 579 1126 clari
594 1079 713 1126 secreta
726 1069 927 1145 frequentant.

192 1161 254 1219 Hic
269 1162 310 1219 illi
324 1163 454 1220 occurrit
469 1163 602 1239 Tydeus,
619 1162 668 1220 hic
683 1163 812 1238 inclytus
826 1161 917 1219 armis

191 1253 436 1332 Parthenopaeus,
453 1265 482 1313 et
499 1257 619 1313 Adrasti
634 1256 771 1333 pallentis
785 1256 892 1332 imago.
1117 1258 1180 1317 400

191 1348 254 1405 Hic
268 1350 389 1407 multum
405 1350 465 1406 fleti
480 1349 517 1406 ad
531 1369 668 1426 superos,
685 1350 821 1424 belloque
836 1348 955 1419 caduci,

190 1441 372 1500 Dardanidae
386 1463 393 1511 ;
418 1463 492 1519 quos
507 1444 556 1499 ille
571 1462 673 1500 omnes
688 1442 777 1520 longo
791 1442 895 1499 ordine
909 1460 1047 1514 cernens,

191 1534 349 1613 Ingemuit,
366 1536 586 1611 Glaucumque,
602 1535 817 1611 Medontaque,
833 1535 1135 1614 Thersilochumque,

189 1628 268 1686 Tres
282 1629 493 1699 Antenoridas,
511 1628 677 1705 Cererique
691 1648 810 1686 sacrum
824 1628 1031 1705 Polyphoeten,

189 1720 374 1800 Idaeumque,
390 1725 479 1782 etiarn
494 1744 611 1795 currus,
628 1725 718 1782 etiarn
732 1744 815 1782 arma
828 1733 987 1784 tenentem.
1114 1726 1176 1787 485

190 1815 393 1876 Circumstant
408 1819 512 1876 animae
528 1817 633 1876 dextri
646 1817 782 1901 laevique
798 1818 980 1895 frequentes.

189 1909 258 1969 Nec
273 1912 380 1969 vidisse
396 1914 487 1970 semel
501 1912 574 1970 satis
588 1920 654 1969 est:
673 1912 758 1987 juvat
773 1932 868 1988 usque
880 1911 1001 1984 morari,

187 2004 228 2062 Et
243 2006 380 2063 conferre
394 2006 529 2084 gradum,
546 2015 576 2063 et
590 2006 728 2063 veniendi
742 2006 858 2064 discere
872 2024 993 2065 causas.

188 2099 228 2155 At
242 2096 381 2157 Danarim
395 2118 545 2175 proceres,
562 2099 866 2176 Agamemnoniaeque
881 2099 1057 2177 phalanges,

186 2189 227 2249 Ut
241 2179 342 2251 videre
358 2194 462 2263 virum,
480 2193 683 2271 fulgentiaque
698 2212 780 2249 arma
794 2211 847 2268 per
861 2193 992 2264 umbras,
1112 2193 1172 2253 49⁰

187 2282 306 2363 Ingenti
320 2287 469 2362 trepidare
483 2296 563 2344 metu
577 2305 584 2342 t
608 2305 677 2362 pars
688 2295 804 2344 vertere
818 2295 916 2362 terga,

187 2377 255 2436 Ceu
271 2379 417 2454 quondam
433 2378 545 2456 petiere
559 2388 641 2437 rates
656 2398 663 2435 ε
687 2399 755 2455 pars
768 2380 873 2437 tollere
888 2397 992 2438 vocem

185 2470 335 2549 Exiguam
350 2492 357 2538 ;
381 2473 516 2549 inceptus
529 2473 643 2530 clamor
657 2472 815 2529 frustratur
829 2471 954 2531 h'iantes.

223 2563 325 2639 Atque
340 2564 387 2622 hic
402 2566 572 2623 Priamiden
586 2566 728 2623 laniatum
742 2584 868 2642 corpore
881 2573 943 2624 toto

184 2654 373 2733 Deiphobum
389 2658 468 2730 vidit,
484 2659 616 2716 lacerum
630 2660 790 2716 crudeliter
809 2679 873 2731 ora,
1109 2660 1170 2720 496

184 2750 257 2821 Ora,
274 2770 438 2826 manusque
453 2753 567 2822 ambas,
584 2752 784 2829 populataque
798 2761 933 2829 tempora
945 2751 1038 2830 raptis

184 2845 326 2915 Auribus,
343 2854 371 2901 et
386 2854 509 2903 truncas
523 2846 678 2903 inhonesto
693 2848 815 2905 vulnere
831 2865 929 2906 nares.
940 2884 974 2913 ,κ

182 2936 243 2994 Vix
258 2937 332 2995 aded
349 2938 469 3015 agnovit
485 2939 674 3014 pavitantem,
691 2948 720 2996 et
734 2939 799 2996 dira
812 2947 963 3016 tegentem

184 3031 335 3108 Supplicia
351 3051 358 3101 ;
382 3040 411 3089 et
426 3032 502 3090 notis
516 3033 673 3109 compellat
689 3032 811 3088 vocibus
825 3033 920 3089 ultro:

181 3121 340 3201 Deiphobe
356 3127 544 3203 armipotens,
561 3145 657 3202 genus
672 3125 731 3182 alto
745 3143 764 3181 a
777 3125 922 3201 sanguine
941 3123 1067 3197 Teucri,
1106 3126 1166 3185 5oe

75 3264 85 3284 ,
183 3215 260 3283 Quis
275 3228 335 3275 tam
349 3219 487 3276 crudeles
501 3220 611 3295 optavit
625 3237 742 3276 sumere
759 3236 863 3293 poenas
879 3216 889 3272 l

183 3308 242 3368 Cui
256 3312 369 3369 tantiam
384 3311 420 3367 de
435 3319 464 3367 te
479 3311 585 3368 licuit?
627 3311 705 3368 Mihi
720 3311 800 3368 fama
813 3308 954 3386 supremi

180 3403 277 3462 Nocte
292 3404 368 3473 tulit,
385 3404 495 3459 sessum
510 3400 638 3459 vestite
653 3403 736 3461 caede
750 3400 912 3480 Pelasgiim

180 3496 380 3554 Procubuisse
395 3514 485 3571 super
499 3495 630 3554 confusas
644 3497 754 3575 stragis
769 3516 917 3556 acervum.

178 3589 267 3647 Tunc
282 3595 400 3665 egomet
414 3590 558 3646 tumulum
571 3589 701 3648 Rhoeteo
716 3590 745 3648 in
760 3592 857 3648 littore
871 3591 990 3649 inanem
1105 3592 1164 3652 60⁶

180 3680 340 3752 Constitui,
357 3690 386 3739 et
400 3681 509 3760 magnii
522 3683 630 3741 Manes
643 3693 690 3741 ter
703 3703 777 3742 voce
791 3684 907 3743 vocavi.

178 3772 294 3832 Nomen
311 3784 339 3832 et
355 3795 436 3833 arma
452 3776 550 3834 locum
563 3784 692 3834 servant.
735 3777 792 3848 Te,
809 3778 915 3850 amice,
931 3777 1053 3854 nequivi

178 3865 374 3944 conspicere,
390 3877 419 3925 et
433 3869 530 3946 patriai
544 3870 693 3928 decedens
707 3890 817 3946 ponere
831 3870 922 3930 terrai.

176 3958 224 4017 Ad
241 3980 307 4035 quae
321 3962 506 4020 Priamides:
529 3964 612 4022 Nihil
627 3985 644 4022 o
658 3965 720 4035 tihi,
738 3965 843 4034 amice,
859 3964 998 4052 relictum
1012 3984 1020 4035 ;

175 4051 284 4110 Omnia
297 4054 455 4131 Del'phobo
470 4058 583 4114 solvisti
596 4066 626 4114 et
640 4058 752 4115 funeris
771 4058 892 4116 umbris.
1103 4058 1161 4118 61⁰

176 4145 234 4203 Sed
249 4165 296 4205 me
311 4148 372 4206 sata
387 4168 452 4207 mea
467 4158 496 4209 et
510 4150 610 4208 scelus
624 4150 743 4208 exitiale
756 4150 898 4209 Lacaena
