2692 5122
176 372 234 429 243
466 365 491 411 P.
515 365 684 412 vrnumn
711 362 882 431 manttts

176 503 299 562 Ducunt
313 511 460 562 exsortem
474 504 596 574 AEneae,
613 524 701 580 quem
714 456 794 562 fulli
807 502 902 562 leonis
1022 521 1052 591 ¹2²,
1073 518 1107 569 a)
1133 514 1149 521 ·“

176 596 268 655 Pellis
282 597 342 654 obit
355 604 459 666 lotum,
476 596 655 673 praefulgens
669 598 817 674 unguibus
831 595 941 653 aurcis·
1016 598 1037 637 '·'·

211 688 311 746 Fama
325 688 413 758 volat,
430 707 550 764 parvam
564 688 661 746 subito
677 689 797 765 vulgata
811 707 864 765 per
878 688 992 759 urbem,

176 781 270 841 Ocius
284 783 327 840 ire
342 782 461 857 equites
472 781 620 857 Tyrrheni
634 781 670 838 ad
686 781 786 838 limina
800 781 890 857 regis.
1097 779 1158 839 5⁶⁶

176 875 256 933 Vota
269 885 348 933 metu
363 874 513 951 duplicant
528 883 648 943 matres,
664 874 842 951 propiusque
857 872 969 950 periclo

176 967 204 1026 lt
217 969 313 1038 timor,
330 977 359 1025 et
374 968 466 1042 major
479 966 585 1023 Martis
602 967 664 1041 jam
679 979 800 1044 apparet
814 967 922 1043 imago.

176 1061 256 1119 Tum'
269 1069 353 1138 pater
366 1059 534 1129 Evandrus,
550 1059 683 1117 dextram
696 1061 866 1135 complexus
881 1056 988 1128 euntis,

176 1152 294 1223 Haerct,
310 1152 489 1229 mexpletum
503 1152 680 1228 lacrymans,
697 1172 733 1209 ac
751 1152 822 1209 talia
836 1152 934 1208 satur:

177 1246 205 1306 0
219 1247 289 1304 mihi
304 1246 468 1323 praeteritos
482 1246 591 1302 roserat
606 1246 631 1302 si
639 1245 761 1321 Jupiter
775 1263 867 1301 annos
883 1247 889 1300 !
1098 1243 1159 1301 660

178 1338 285 1406 Qualis
297 1357 391 1412 eram,
407 1357 497 1413 quum
512 1339 634 1414 primam
647 1338 742 1395 aciem
755 1337 908 1394 Praeneste
923 1336 978 1393 sub
992 1333 1059 1413 ipsa

178 1432 285 1503 Stravi,
302 1440 513 1506 scutorumque
528 1431 645 1488 incendi
660 1430 754 1487 victor
767 1448 891 1486 acervos
905 1447 912 1496 ;

177 1525 217 1583 Et
231 1544 333 1601 regem
346 1525 404 1597 hic
419 1523 558 1580 Herilum
572 1521 677 1580 dextris
690 1524 745 1579 sub
759 1522 888 1579 Tartara
902 1518 978 1591 misi,
1012 1570 1016 1577 ,

178 1616 322 1675 Nascenti
337 1618 386 1673 cui
399 1626 462 1673 tres
476 1616 589 1672 animas
603 1615 733 1672 Feronia
752 1624 845 1671 mater

179 1708 385 1787 (Har-rendum
399 1708 494 1783 dictu)
510 1707 642 1777 dederat,
657 1717 742 1765 terna
754 1726 836 1764 arma
849 1703 994 1763 movenda
1010 1722 1019 1773 ;

177 1803 240 1860 Ter
253 1803 312 1859 leto
326 1801 503 1859 sternendus
517 1810 582 1858 erat
599 1819 606 1869 ;
631 1801 680 1858 cui
693 1809 763 1858 tunc
777 1809 874 1856 tamen
883 1817 986 1856 omues

178 1895 307 1953 Abstulit
321 1895 386 1952 haec
401 1894 514 1951 animas
528 1893 641 1963 dextra,
658 1901 686 1949 et
701 1893 820 1950 totidem
835 1892 914 1948 exuit
929 1888 1019 1948 armis
1035 1907 1042 1946 ι

179 1987 250 2048 Νοῐι
264 2008 321 2066 ego
335 2008 413 2045 nunc
427 1987 507 2044 dulci
521 1988 655 2062 amplexu
670 1986 826 2043 divellerer
842 2003 976 2059 usquam,

178 2081 206 2140 N
210 2091 269 2153 ate,
285 2090 337 2139 tuo
353 2101 360 2148 ;
386 2100 483 2156 neque
498 2080 637 2137 finitimus
651 2079 819 2136 Mezentius
834 2096 964 2152 unquam

177 2174 261 2233 Huic
277 2174 367 2251 capiti
382 2175 526 2231 insultans
540 2181 582 2230 tot
598 2173 675 2229 ferro
690 2191 770 2229 saeva
784 2171 913 2228 dedisset

177 2266 308 2335 Funera,
325 2275 385 2323 tam
399 2266 498 2323 multis
512 2264 662 2323 viduasset
677 2266 791 2321 civibus
810 2265 922 2320 urbem.

176 2360 216 2416 At
231 2378 293 2429 vos,
310 2379 328 2415 o
343 2359 458 2434 Superi,
476 2366 505 2414 et
519 2356 616 2414 divum
630 2368 661 2414 tu
678 2358 802 2414 maxime
816 2365 915 2413 rector

176 2453 304 2529 Jupiter,
320 2452 453 2522 Arcadii,
471 2472 583 2527 quaeso,
600 2453 781 2510 miserescite
796 2452 887 2528 regis,

176 2545 216 2603 Et
231 2546 342 2621 patrias
357 2545 454 2602 audite
471 2565 575 2620 preces
591 2563 597 2600 :
621 2546 651 2602 Si
667 2546 786 2603 numina
800 2554 900 2602 vestra

176 2637 359 2696 Incolumcm
373 2637 511 2694 Pallanta
526 2638 605 2706 mihi,
621 2639 645 2694 si
660 2638 720 2694 fata
735 2645 887 2693 reservant
903 2655 911 2704 ;

177 2731 208 2787 Si
224 2730 340 2786 visurus
355 2748 422 2786 eum
438 2729 514 2799 vivo,
531 2739 560 2786 et
575 2741 718 2787 venturus
733 2731 762 2787 in
778 2749 877 2800 unum,

176 2821 276 2879 Vitem
291 2842 342 2879 oro
357 2842 365 2890 3
391 2822 485 2897 patiar
500 2824 631 2898 quemvis
645 2824 753 2880 durare
768 2825 910 2880 laborem.

177 2916 229 2973 Sin
243 2916 372 2992 aliquem
386 2915 536 2973 infandum
552 2936 663 2984 casum,
678 2917 822 2985 Fortuna,
836 2914 969 2985 minaris,

176 3011 275 3081 Nunc,
292 3032 320 3081 o,
338 3031 415 3068 nunc
431 3011 519 3068 liceat
533 3012 683 3069 crudelem
698 3014 872 3087 abrumpere
896 3010 996 3080 vitam,

175 3104 256 3162 Dum
271 3124 351 3162 curae
366 3105 523 3181 ambiguae,
540 3105 608 3161 dum
619 3125 687 3181 spes
702 3105 815 3161 incerta
830 3103 930 3173 futuri,

175 3196 256 3254 Dum
270 3206 309 3266 te,
327 3216 396 3253 care
411 3217 493 3274 puer,
511 3217 577 3254 mea
591 3217 659 3254 sera
674 3206 701 3254 et
716 3198 780 3255 sola
794 3197 938 3271 voluptas,

176 3287 341 3364 Complexu
355 3298 442 3346 tenco
458 3309 464 3344 :
488 3291 607 3366 gravior
622 3310 658 3347 ne
673 3290 793 3347 nuntius
807 3309 896 3347 aures

175 3379 329 3438 Vulneret.
371 3381 448 3438 Haec
463 3382 579 3457 genitor
593 3381 727 3459 digressu
741 3383 820 3439 dicta
834 3398 972 3458 supremo

175 3474 202 3532 F
204 3476 333 3533 undabat
347 3495 353 3531 z
377 3476 478 3532 famuli
493 3476 654 3552 collapsum
670 3479 698 3534 in
712 3487 791 3534 tecta
805 3477 948 3533 ferebant.

214 3569 343 3644 Jamque
358 3567 433 3624 aded
449 3568 560 3625 exierat
577 3570 670 3644 portis
684 3571 833 3645 equitatus
848 3568 980 3645 apertis:

177 3661 292 3720 AEneas
306 3663 383 3719 inter
398 3661 505 3737 primos
519 3670 549 3718 et
563 3661 638 3718 fidus
653 3664 785 3720 Achates
799 3683 806 3731 ;

176 3753 249 3811 Indo
265 3755 314 3812 alii
326 3754 424 3829 Trojas
440 3774 599 3831 proceres:
623 3755 684 3831 ipse
700 3757 816 3832 agmine
835 3755 938 3813 Pallas

176 3844 212 3904 In
226 3847 332 3917 medio,
349 3846 503 3921 chlamyde
519 3856 547 3904 et
563 3847 647 3924 pictis
661 3858 837 3925 conspectus
852 3850 881 3905 in
900 3846 989 3905 armis
1004 3865 1013 3917 ς

177 3936 283 4004 Qualis
298 3940 348 3996 ubi
363 3939 468 3996 oceani
483 3940 620 4016 perfusus
635 3941 756 3998 Lucifer
770 3941 860 4012 andri,

178 4029 275 4097 Quem
289 4031 394 4089 Venus
409 4040 476 4089 ante
492 4033 565 4090 alios
580 4043 724 4091 astrorum
739 4035 832 4113 diligit
847 4035 944 4112 ignes,

176 4122 289 4183 Extulit
303 4145 336 4183 os
350 4145 469 4184 sacrum
482 4127 570 4198 coelo,
586 4129 783 4203 tenebrasque
799 4128 929 4187 resolvit.

737 4334 745 4363 t
