2692 5122
498 748 669 799 AENEIDOS
689 749 758 797 121³.
774 749 836 797 vn.

177 887 325 969 Tegmina
338 896 403 948 tuta
415 896 521 948 cavant
535 889 676 966 capitum,
691 889 873 966 flectuntque
888 889 1022 968 salignas

176 983 344 1043 Umbonum
358 991 457 1041 crates
471 1001 479 1052 ς
503 982 554 1041 alii
566 984 707 1041 thoracas
721 983 842 1055 menos,

176 1077 235 1137 Aut
250 1078 335 1135 leves
348 1095 455 1135 ocreas
468 1076 548 1134 lento
562 1075 673 1134 ducunt
687 1085 820 1154 argento.

177 1169 315 1229 vomeris
328 1169 388 1228 huc
401 1178 431 1228 et
446 1169 530 1228 lalcis
543 1169 647 1241 honos,
664 1169 722 1227 buc
736 1170 830 1228 omnis
845 1169 936 1230 aratri

178 1262 278 1325 Cessit
293 1283 398 1335 amor;
420 1275 586 1340 recoquunt
601 1263 710 1341 patrios
725 1264 894 1323 fornacibus
909 1284 1006 1324 enses.

178 1355 317 1418 Classica
332 1358 453 1433 jamque
467 1366 573 1416 sonant
587 1377 595 1428 ;
619 1357 640 1415 it
654 1358 732 1415 bello
745 1366 860 1415 tessera
873 1358 1000 1436 signum.

177 1450 238 1511 Hic
251 1453 371 1530 galeam
383 1453 470 1510 tectis
483 1452 616 1530 trepidus
631 1452 706 1530 rapit
720 1471 728 1522 ;
751 1452 800 1510 ille
816 1451 976 1511 frementes

177 1544 223 1604 Ad
238 1544 317 1623 juga
330 1546 410 1623 cogit
423 1565 527 1623 equos,
544 1546 741 1624 clypeumque
756 1565 887 1622 auroque
901 1547 1028 1606 trilicem

177 1635 316 1696 Loricam
332 1639 470 1709 induitur,
487 1639 605 1715 fidoque
620 1640 787 1718 accingitur
801 1660 883 1700 ense.

214 1730 341 1790 Pandite
356 1752 434 1791 nunc
449 1732 610 1804 Helicona,
625 1732 713 1806 Deae,
729 1742 895 1810 cautusque
909 1740 1036 1806 movete,

179 1823 238 1892 Qui
252 1827 330 1884 bello
344 1827 434 1885 exciti
448 1846 547 1904 reges,
565 1847 631 1903 qum
649 1847 795 1904 quemque
809 1837 922 1886 secutae

105 1930 109 1939 ’
179 1917 362 1996 Οοωρίὂτίηῐ
377 1939 497 1997 campos
511 1921 612 1989 acies;
638 1921 745 1996 quibus
760 1919 837 1978 Itala
852 1920 915 1997 jam
930 1929 992 1979 tum

176 2008 326 2070 Floruerit
339 2020 419 2071 terra
432 2014 509 2071 alma
523 2014 604 2084 viris,
621 2015 728 2089 quibus
743 2013 849 2071 arserit
864 2014 963 2073 armis.

176 2101 215 2164 Bt
227 2106 402 2164 meministis
416 2108 503 2177 enim,
519 2106 618 2177 Divae,
634 2115 663 2165 st
679 2126 842 2165 memorare
857 2107 998 2185 potestis:

177 2196 222 2256 Ad
235 2219 290 2257 nos
304 2199 352 2257 vix
365 2201 463 2258 tenuis
477 2201 563 2260 famae
578 2201 740 2277 perlabitur
758 2219 842 2258 aura.

216 2288 333 2349 Primus
348 2293 400 2350 init
415 2294 525 2350 bellum
537 2292 703 2369 Tyrrhenis
718 2311 804 2368 asper
819 2292 857 2348 ab
871 2290 932 2349 oris

177 2381 369 2462 Contemptor
383 2382 482 2442 diutim
497 2384 681 2454 Mezentius,
698 2384 875 2460 agminaque
895 2394 1000 2442 armat.

175 2474 271 2535 Filius
284 2478 353 2536 huic
369 2478 457 2554 juxta
467 2478 600 2547 Lausus,
617 2497 675 2552 quo
690 2476 842 2553 pulchrior
855 2477 931 2534 alter

175 2569 244 2629 Non
258 2570 322 2642 fuit,
337 2581 462 2648 excepto
476 2571 637 2629 Laurentis
651 2589 777 2647 corpore
793 2567 896 2627 Turni.

175 2660 304 2735 Lausus,
321 2661 428 2740 equium
444 2663 578 2736 domitor,
595 2663 818 2738 debellatorque
833 2663 974 2735 ferarum,

175 2754 267 2814 Ducit
280 2757 423 2834 Agyllina
436 2757 636 2833 nequidquam
650 2776 688 2814 ex
703 2758 776 2814 urbe
791 2764 911 2814 secutos

175 2847 259 2906 Mille
274 2850 353 2908 viros
369 2870 376 2919 ;
400 2850 516 2928 diguus,
534 2851 636 2930 patriis
652 2850 701 2926 qui
716 2850 812 2908 laetior
825 2857 905 2908 esset

176 2940 322 3020 Imperiis,
338 2952 367 3000 et
382 2945 431 3001 cui
445 2954 529 3021 pater
542 2944 621 3002 haud
635 2943 805 3002 Mezentius
818 2950 908 3002 esset.

212 3036 285 3095 Post
300 3036 354 3094 bos
368 3037 513 3116 insignem
527 3036 625 3115 palma
639 3057 692 3117 per
705 3038 840 3115 gramina
854 3055 984 3107 currum,
1099 3036 1160 3098 655

175 3126 373 3205 Victoresque
387 3140 515 3190 ostentat
529 3150 634 3208 equos,
650 3140 732 3189 satus
746 3130 881 3189 Hercule
896 3130 1020 3207 pulchro

175 3220 306 3281 Pulcher
319 3223 485 3283 Aventinus
500 3244 508 3294 ;
531 3225 707 3301 clypeoque,
724 3225 838 3301 insigne
853 3233 1019 3301 paternum,

177 3315 307 3376 Centum
321 3336 444 3394 angues,
460 3318 648 3393 cinctamque
662 3317 738 3395 gerit
752 3316 939 3393 serpentibus
953 3314 1091 3392 Hydram
1105 3332 1113 3371 ι

179 3408 272 3469 Collis
286 3411 425 3469 Aventini
439 3409 516 3468 silvia
530 3430 617 3486 quem
631 3410 719 3468 Rhea
733 3409 874 3466 sacerdos

176 3500 331 3561 Furtivum
346 3512 431 3581 partu
447 3505 502 3560 sub
517 3502 634 3561 luminis
648 3502 738 3559 edidit
752 3520 832 3571 oras,
1100 3502 1159 3559 660

177 3593 276 3654 Mixta
289 3596 344 3655 deo
357 3597 474 3667 mulier,
490 3605 646 3672 postquam
659 3593 824 3652 Laurentia
837 3594 943 3666 victor,

177 3687 318 3766 Geryone
332 3690 490 3758 exstincto,
505 3688 679 3764 Tirynthius
693 3686 788 3763 attigit
804 3705 886 3758 arva,

177 3779 392 3858 Tyrrhenoque
407 3784 499 3839 boves
514 3781 543 3839 in
557 3781 676 3838 flumine
690 3780 760 3840 lavit
776 3779 890 3839 Iberus.

176 3871 242 3931 Pila
256 3893 344 3932 manu
360 3858 514 3950 saevosque
527 3881 635 3951 gerunt
649 3873 679 3931 in
693 3873 772 3931 bella
785 3873 908 3931 dolones
921 3892 929 3944 ;

176 3963 215 4025 Et
228 3967 317 4024 tereti
332 3976 462 4044 pugnant
476 3985 628 4037 mucrone,
645 3985 777 4042 veruque
793 3967 922 4026 Sabello.
1099 3967 1158 4025 665

177 4057 246 4136 lpse
261 4059 362 4136 pedes,
378 4067 517 4137 tegumen
531 4069 673 4136 torquens
688 4059 814 4118 immane
829 4059 933 4132 leonis,

177 4149 318 4211 'l'srribili
332 4153 477 4230 impexum
492 4152 568 4224 seta,
585 4173 652 4211 cum
666 4153 803 4212 dentibus
818 4153 902 4225 albis,

177 4242 302 4303 Indutus
316 4246 425 4323 capiti:
448 4246 492 4305 sic
506 4247 590 4323 regia
604 4254 684 4303 tecta
698 4245 816 4304 subibat

176 4335 338 4409 Horridus,
353 4339 568 4416 Herculeoque
582 4339 720 4397 humeros
734 4339 858 4398 innexus
872 4339 990 4400 amictu.

213 4434 293 4493 Tum
307 4435 417 4512 gemini
431 4435 539 4493 fratres
552 4434 691 4492 Tiburtia
703 4435 812 4493 moenia
826 4435 972 4512 linquunt,
1100 4436 1159 4494 670

175 4525 293 4586 Fratris
306 4528 423 4586 Tiburti
437 4527 546 4586 dictam
557 4527 732 4606 cognomine
749 4535 882 4606 gentem,
