2692 5122
189 412 245 470 1³0
471 404 497 450 Ρ.
517 402 682 450 vmomu
706 401 877 450 ussurus

143 545 341 635 ‘Antandro
357 553 385 602 et
402 542 542 621 Phrygiae
557 543 693 600 molimur
705 543 853 601 montibus
867 540 940 613 Idae,

110 632 127 639 ”
186 638 298 697 Incerti
314 638 372 714 qud
388 639 449 695 sata
463 639 569 706 ferant,
588 637 637 693 ubi
651 637 757 694 sistere
771 636 857 693 detur
870 654 878 704 ;

63 716 69 727 ⁰
188 732 459 807 Contrahimusque
475 731 562 789 viros.
604 730 663 787 Vix
678 731 771 808 prima
785 731 936 807 inceperat
951 733 1051 807 restas,

186 827 227 885 Et
243 836 327 903 peter
341 826 489 883 Anchises
504 826 575 882 dare
590 826 658 883 satis
673 825 739 882 vela
755 825 880 899 jubebat
896 842 903 890 ;

185 919 303 979 Littora
318 938 407 995 quum
422 919 524 997 patriae
539 920 707 995 lacrymans
723 926 884 994 portusque
898 915 1045 989 relinquo,
1139 912 1176 970 10

186 1013 226 1071 Et
241 1032 372 1091 campos,
390 1014 439 1070 ubi
454 1013 546 1086 Troja
559 1013 611 1070 suit
626 1031 632 1069 ι
656 1013 735 1069 seror
748 1011 832 1068 exsul
847 1011 875 1067 in
891 1011 992 1079 altum,

188 1106 267 1166 Cum
281 1106 380 1176 sociis,
398 1115 536 1182 natoque,
552 1106 727 1175 Penatibus,
744 1113 772 1161 et
788 1103 904 1181 magnis
917 1101 974 1159 dis.

225 1200 323 1257 Terra
339 1200 441 1276 procul
456 1199 548 1257 vastis
562 1199 669 1256 colitur
682 1198 831 1255 Mavortia
845 1195 969 1272 campis,

187 1291 324 1352 Tmaces
338 1300 433 1362 arant,
451 1293 513 1350 acri
529 1292 677 1368 quondam
690 1299 815 1368 regnata
830 1290 993 1366 Lycurg03

186 1386 358 1464 Hospitium
374 1387 527 1463 antiquum
542 1387 653 1462 Trojre,
671 1386 803 1461 sociique
818 1384 957 1453 Penates,
1139 1383 1176 1440 15

186 1479 268 1538 Dum
282 1480 400 1537 fortuna
414 1480 476 1538 fuit.
522 1480 619 1536 Feror
633 1480 702 1549 huc,
719 1486 748 1536 et
762 1479 860 1535 littore
875 1495 967 1535 curvo

186 1571 301 1632 Moeuia
316 1573 409 1648 prima
423 1573 500 1643 loco,
517 1573 585 1629 satis
600 1573 754 1648 ingressus
768 1570 896 1646 iniquis:

186 1665 406 1740 AEneadasque
421 1684 487 1721 meo
501 1684 607 1721 nomen
622 1664 659 1721 de
674 1664 790 1720 nomine
806 1664 896 1740 fingo.

128 1750 131 1757 ¹
227 1760 321 1816 Sacra
336 1758 471 1815 Dionaeoe
485 1758 572 1815 matri
586 1756 721 1832 divisque
736 1756 868 1814 ferebam

187 1852 369 1929 Auspicibus
383 1858 549 1927 coeptorum
563 1869 685 1926 operum
700 1869 707 1919 3
733 1868 900 1926 superoque
915 1849 1058 1907 nitentem
1136 1849 1179 1906 90

188 1940 368 2005 Coelicolirm
383 1944 449 2021 regi
464 1945 630 2001 mactabam
644 1944 673 2000 in
689 1940 786 1999 littore
801 1952 928 1999 taurum.

187 2037 280 2096 Forte
295 2037 349 2095 fuit
366 2037 454 2112 juxta
467 2037 608 2106 tumulus,
626 2056 685 2112 quo
699 2055 810 2092 cornea
824 2054 939 2093 summo

187 2130 339 2209 Virgulta,
357 2139 386 2187 et
401 2130 501 2188 densis
515 2130 669 2187 hastilibus
684 2129 802 2186 horrida
817 2138 940 2204 myrtus.

187 2224 313 2282 Accessi
328 2244 335 2292 ;
360 2223 543 2298 viridemque
558 2224 596 2279 ab
611 2223 700 2278 humo
714 2222 883 2279 convellere
898 2221 1002 2280 silvam

92 2376 95 2381 .
189 2316 336 2386 Conatus,
352 2317 443 2374 ramis
457 2325 590 2393 tegerem
605 2325 636 2372 ut
651 2315 856 2372 frondentibus
871 2334 950 2386 aras,
1136 2315 1178 2373 25

175 2408 382 2493 *Hprreudum
397 2418 426 2465 et
441 2409 520 2465 dictu
536 2408 622 2465 video
637 2408 771 2465 mirabile
785 2418 957 2466 monstrum.

187 2500 278 2572 Nam,
297 2522 361 2577 quae
377 2502 471 2578 prima
484 2503 548 2558 solo
563 2503 656 2577 ruptis
671 2503 818 2560 radicibus
834 2505 923 2560 arbos

187 2592 329 2663 Vellitur,
346 2595 415 2651 huic
430 2603 494 2651 atro
508 2596 660 2669 liquuntur
674 2597 820 2673 sanguine
835 2605 939 2673 guttoe,

188 2687 229 2745 Et
244 2696 354 2743 terram
369 2688 438 2743 tabo
453 2688 612 2745 maculant.
655 2688 729 2745 Mihi
744 2688 869 2765 frigidus
884 2690 988 2748 horror
1028 2718 1043 2781 ‘-

189 2779 327 2838 Membra
342 2780 445 2856 quatit,
462 2782 639 2857 gelidusque
653 2783 711 2839 coit
727 2783 879 2840 formidine
895 2783 1031 2861 sanguis!

189 2874 311 2932 Rursus
325 2881 354 2930 et
369 2874 491 2930 alterius
506 2874 616 2931 lentum
631 2875 800 2932 convellere
815 2876 912 2933 vimen

190 2965 346 3042 Insequor,
364 2975 391 3023 et
407 2986 514 3024 causas
529 2968 645 3043 penitus
659 2977 775 3026 tentare
790 2970 917 3027 latentes
931 2989 939 3039 ;

190 3060 265 3118 Ater
279 3068 308 3116 et
324 3060 445 3117 alterius
460 3061 594 3137 sequitur
609 3060 645 3118 de
660 3061 771 3118 cortice
786 3063 917 3139 sanguis.

190 3154 287 3212 Multa
300 3174 422 3212 movens
437 3156 545 3225 animo,
562 3156 716 3233 Nymphas
732 3159 898 3214 venerabar
913 3165 1059 3234 agrestes,

190 3246 414 3323 Gradivumque
430 3257 553 3323 patrem,
570 3250 686 3306 Geticis
702 3251 750 3325 qui
766 3249 903 3325 praesidet
918 3250 1007 3321 arvis,

190 3338 261 3396 Rite
277 3339 476 3396 secundarent
492 3341 582 3409 visus,
599 3361 745 3415 omenque
761 3343 901 3400 levarent.

190 3430 295 3488 Tertia
310 3430 362 3488 sed
378 3441 532 3508 postquam
547 3433 658 3506 majore
674 3435 791 3491 hastilia
805 3436 871 3497 nisu

191 3525 371 3602 Aggredior,
387 3526 573 3602 genibusque
589 3527 722 3584 adversm
737 3530 872 3586 obluctor
886 3548 996 3601 arenae,

194 3617 353 3695 (Eloquar,
372 3637 408 3675 an
424 3618 526 3675 sileam
542 3618 566 3696 ?)
589 3621 716 3697 gemitus
732 3622 932 3698 lacrymabilis
946 3622 1005 3680 imo

191 3711 320 3769 Auditur
334 3712 468 3781 tumulto,
485 3722 514 3768 et
529 3732 585 3769 vox
599 3713 714 3770 reddita
728 3715 821 3772 fertur
835 3716 871 3771 ad
886 3734 975 3772 aures
989 3733 996 3771 ε

192 3802 273 3869 Quid
287 3804 436 3874 miserum,
453 3806 568 3876 AEnea,
585 3806 725 3863 laceras?
750 3808 813 3882 jam
827 3827 917 3884 parce
932 3807 1071 3885 sepulto;

191 3896 289 3954 Parce
304 3897 367 3972 pios
382 3899 532 3955 scelerare
547 3918 660 3982 mapus.
702 3901 729 3957 N
733 3921 770 3957 on
786 3921 831 3959 nie
846 3901 899 3959 tibi
912 3901 1007 3977 Troja

191 3989 358 4048 Externum
372 3992 447 4059 tulit,
465 3999 516 4047 aut
531 4012 620 4049 cruor
633 3991 681 4050 hie
697 3994 732 4050 de
746 3995 844 4071 stipite
859 4002 968 4053 manat.

191 4083 263 4142 Heu
279 4085 285 4139 !
308 4083 377 4161 suge
392 4083 530 4142 crudeles
544 4094 650 4157 terras,
668 4086 737 4163 suge
752 4089 833 4145 littus
848 4106 981 4147 avarum.

192 4177 269 4237 Nam
282 4177 448 4255 Polydorus
463 4197 528 4257 ego.
572 4179 635 4237 Hic
650 4181 797 4238 confixum
813 4183 911 4239 ferrea
924 4182 997 4238 texit
