2692 5122
254 396 310 452 120
537 389 564 435 P.
588 388 754 436 VIRGILII
780 389 953 438 Maeonis

250 528 395 588 Fudimus
409 527 532 599 insidiis,
548 526 670 604 totisque
685 529 861 606 agitavimus
875 531 958 600 urbe,

250 624 403 700 Apparent
418 641 425 692 ;
450 622 534 699 primi
549 622 670 698 clypeos
685 623 864 699 mentitaque
879 624 940 680 tela

249 716 436 793 Agnoscunt,
453 724 544 791 atque
557 734 611 772 ora
624 734 698 772 sono
712 716 860 773 discordia
872 717 1000 793 signant,

251 808 336 867 llicet
350 810 502 867 obruimur
516 828 660 867 numero:
683 811 852 886 primusque
868 810 1027 881 Coroebus,

248 901 373 960 Penelei
388 903 502 973 dextri,
519 902 593 960 divae
609 903 811 980 armipotentis
826 903 959 961 adaram

249 994 422 1053 Procumhit
436 1015 443 1065 3
468 996 547 1053 cadit
562 1004 591 1052 et
605 996 751 1072 Rhipeus,
764 996 945 1071 justissimus
963 1016 1039 1054 unus

250 1088 312 1155 Qui
326 1090 380 1146 suit
394 1090 423 1147 in
437 1086 575 1160 Teucris,
592 1099 622 1146 et
636 1091 874 1148 servantissimus
889 1091 986 1166 requi:

249 1180 307 1239 Dis
323 1183 408 1239 aliter
423 1183 527 1241 visum.
569 1182 699 1240 Pereunt
714 1183 912 1260 Hypanisque
927 1185 1114 1260 Dymasque,

251 1273 369 1355 Coqfixi
385 1295 403 1332 a
417 1277 527 1334 sociis:
549 1286 606 1335 nec
620 1286 650 1333 te
665 1285 716 1334 tua
730 1277 866 1353 plurima,
882 1277 1010 1348 Panthu,

248 1336 417 1427 Labentem
431 1369 526 1446 pietas
540 1360 596 1427 nec
610 1371 757 1447 Apollinis
772 1370 863 1427 infula
877 1371 958 1429 texit.

250 1460 336 1519 Iliaci
350 1462 478 1532 cineres,
494 1476 525 1519 et
538 1463 655 1520 flamma
669 1474 803 1520 extrema
816 1482 958 1533 meorum,

249 1553 369 1624 Testor,
385 1555 415 1611 in
430 1574 538 1612 occasu
554 1564 663 1625 vestro,
680 1575 737 1612 nec
751 1556 810 1612 tela
825 1575 881 1612 nec
895 1556 970 1613 ullas

250 1646 400 1705 Vitavisse
415 1648 496 1704 vices
511 1646 649 1704 Donniim
664 1667 671 1715 ;
696 1656 735 1718 et,
752 1648 777 1705 ai
792 1648 852 1704 sota
866 1647 991 1706 fuissent

250 1738 290 1797 Ut
304 1739 453 1809 caderem,
469 1740 613 1796 meruisse
628 1759 725 1797 manu.
768 1740 945 1798 Divellimur
960 1741 1038 1813 indo,

251 1829 367 1909 Iphitus
381 1840 410 1917 et
424 1832 524 1890 Pelias
539 1852 654 1891 mecum
667 1852 676 1905 ;
701 1853 826 1910 quorum
840 1834 953 1910 Iphitus
967 1854 1037 1903 oevo
1055 1890 1059 1897 ,
1104 1874 1110 1879 -

249 1924 320 1985 Jam
333 1924 584 2003 geurien-Pelias
596 1932 625 1983 et
640 1927 762 1984 vulnere
776 1927 878 1984 tordus
896 1926 1037 2002 Ulyssei:

250 2018 399 2077 Protenus
413 2020 451 2076 ad
465 2019 552 2077 sedes
564 2019 824 2077 Priamiclamore'
835 2018 941 2079 vocati.

292 2112 356 2171 Hic
370 2112 442 2171 verd
456 2112 605 2190 ingentem
621 2132 760 2190 pugnam,
776 2132 833 2171 ceu
847 2122 958 2171 caetera
971 2132 1118 2190 nusquam

250 2204 337 2264 Bella
350 2206 456 2277 forent,
472 2206 544 2263 nulli
558 2204 620 2262 tort
634 2215 820 2264 morerentur
834 2208 862 2263 in
878 2208 951 2263 urbe
965 2225 972 2262 :

251 2299 303 2357 Sic
316 2298 445 2355 Martem
459 2298 639 2369 indomitum,
656 2300 840 2374 Danaosque
855 2299 890 2355 ad
904 2308 984 2355 tecta
998 2308 1119 2358 ruentes
1178 2305 1238 2360 440

251 2389 423 2460 Cernimus,
439 2392 653 2465 obsessumque
669 2390 737 2447 actii
749 2391 897 2448 testudine
912 2392 1010 2449 limen.

251 2481 379 2540 Haerent
393 2483 556 2559 parictibus
571 2483 672 2550 scalae,
689 2492 847 2559 postesque
862 2486 916 2541 sub
933 2484 1013 2561 ipsos

251 2574 394 2633 Nituntur
407 2576 570 2652 gradibus;
596 2576 776 2653 clypeosque
791 2577 828 2633 ad
843 2578 904 2634 tela
922 2578 1049 2637 sinistris

250 2669 382 2727 Protecti
396 2669 537 2745 objiciunt
552 2687 559 2736 ;
584 2678 724 2744 prensant
738 2670 857 2748 fastigia
871 2671 991 2729 destris.

249 2760 433 2820 Dardanidae
448 2762 554 2819 contra
567 2770 666 2818 turres
682 2782 717 2819 ac
732 2772 812 2820 tecta
828 2764 980 2822 domorum

251 2855 392 2916 culmina
405 2855 597 2927 convelluntt
622 2856 667 2912 his
681 2875 725 2926 se,
742 2857 860 2932 quando
875 2858 978 2915 ultima
991 2866 1125 2928 cernunt,

249 2950 396 3011 Extremi
412 2951 475 3026 jam
489 2951 518 3008 in
532 2958 625 3009 morto
640 2960 743 3028 parant
757 2951 916 3008 defendere
930 2952 1018 3010 telis:

250 3047 442 3121 Auratasque
456 3046 568 3115 trabes,
585 3055 717 3103 veterum
731 3046 842 3102 decora
856 3046 916 3102 alta
931 3042 1094 3123 parentiim,

250 3138 441 3197 Devolvunt:
463 3138 514 3195 alii
528 3139 638 3196 strictis
653 3138 841 3196 mucronibus
856 3139 930 3196 imas

250 3229 406 3290 Obsedire
420 3231 521 3299 fores;
545 3232 599 3289 has
613 3241 732 3289 servant
747 3232 865 3308 agmine
880 3232 981 3290 denso.

251 3324 413 3383 Instaurati
427 3325 527 3393 animi,
543 3326 624 3402 regis
638 3345 816 3382 succurrere
831 3326 928 3396 tectis,

252 3416 431 3492 Auxilioque
446 3416 547 3472 levare
561 3417 650 3487 viros,
667 3417 785 3492 vimque
800 3417 910 3474 addere
925 3418 1018 3476 victis.

290 3511 396 3569 Limen
410 3516 485 3578 erat,
503 3529 652 3585 caecoeque
667 3510 756 3581 fores,
773 3518 801 3567 ot
817 3512 936 3587 pervius
949 3532 1022 3572 usus

250 3604 413 3663 Tectorum
427 3604 503 3662 inter
517 3623 549 3661 se
563 3602 686 3673 Priami,
704 3611 862 3679 postesque
876 3606 973 3664 relicti

250 3697 282 3757 A
293 3706 390 3775 tergo,
407 3697 507 3755 infelix
522 3695 581 3773 qui
597 3716 640 3767 so,
657 3696 727 3753 dum
740 3716 834 3774 regna
849 3700 1017 3770 manebant,
1173 3699 1232 3756 465

251 3790 366 3868 Smpilis
380 3764 589 3848 Andromacho
602 3791 680 3847 ferre
694 3790 866 3849 incomitata
884 3794 999 3850 solebat

249 3882 299 3942 Ad
313 3903 444 3954 soceros,
461 3892 491 3940 et
505 3902 562 3941 avo
576 3901 700 3959 puerum
714 3884 901 3960 Astyanacta
914 3885 1061 3944 trahebat.

250 3976 356 4035 Evado
369 3976 406 4035 ad
421 3977 527 4035 summi
541 3976 659 4053 fastigia
673 3977 819 4049 culminis,
835 3978 912 4035 unde

250 4072 328 4132 Tela
342 4092 430 4131 manu
445 4072 543 4129 miseri
561 4072 715 4147 jactabant
729 4074 812 4131 irrita
826 4072 957 4153 Teucri„

250 4166 371 4227 Turrim
385 4166 414 4224 in
428 4166 571 4244 praeoipiti
585 4174 723 4238 stantem,
739 4166 918 4242 summisque
933 4166 988 4224 sub
1002 4176 1081 4226 astra
1170 4170 1229 4225 460
