<?xml version="1.0" encoding="UTF-8"?>
<!DOCTYPE html PUBLIC "-//W3C//DTD XHTML 1.0 Transitional//EN"
    "http://www.w3.org/TR/xhtml1/DTD/xhtml1-transitional.dtd">
<html xmlns="http://www.w3.org/1999/xhtml" xml:lang="en" lang="en">
 <head>
  <title>
</title>
<meta http-equiv="Content-Type" content="text/html;charset=utf-8" />
  <meta name='ocr-system' content='tesseract 3.04.00' />
  <meta name='ocr-capabilities' content='ocr_page ocr_carea ocr_par ocr_line ocrx_word'/>
</head>
<body>
  <div class='ocr_page' id='page_1' title='image "./pvirgiliimaroni00bowegoog/pvirgiliimaroni00bowegoog_0060.png"; bbox 0 0 2692 5122; ppageno 0'>
   <div class='ocr_carea' id='block_1_1' title="bbox 504 755 866 810">
    <p class='ocr_par' dir='ltr' id='par_1_1' title="bbox 504 755 866 810">
     <span class='ocr_line' id='line_1_1' title="bbox 504 755 866 810; baseline 0.017 -7"><span class='ocrx_word' id='word_1_1' title='bbox 504 755 727 806; x_wconf 73' lang='lat' dir='ltr'>GBOBGICON</span> <span class='ocrx_word' id='word_1_2' title='bbox 745 760 815 808; x_wconf 75' lang='lat' dir='ltr'>aut</span> <span class='ocrx_word' id='word_1_3' title='bbox 830 762 866 810; x_wconf 87' lang='lat' dir='ltr'>ll.</span> 
     </span>
    </p>
   </div>
   <div class='ocr_carea' id='block_1_2' title="bbox 187 890 1030 977">
    <p class='ocr_par' dir='ltr' id='par_1_2' title="bbox 187 890 1030 977">
     <span class='ocr_line' id='line_1_2' title="bbox 187 890 1030 977; baseline 0.021 -30"><span class='ocrx_word' id='word_1_4' title='bbox 187 890 284 952; x_wconf 81' lang='lat' dir='ltr'>Arma</span> <span class='ocrx_word' id='word_1_5' title='bbox 298 891 396 950; x_wconf 80' lang='lat' dir='ltr'>serunt</span> <span class='ocrx_word' id='word_1_6' title='bbox 412 911 420 960; x_wconf 90' lang='lat'>;</span> <span class='ocrx_word' id='word_1_7' title='bbox 444 894 528 954; x_wconf 64' lang='lat' dir='ltr'>savit</span> <span class='ocrx_word' id='word_1_8' title='bbox 541 902 604 953; x_wconf 93' lang='lat' dir='ltr'>toto</span> <span class='ocrx_word' id='word_1_9' title='bbox 617 896 701 955; x_wconf 84' lang='lat' dir='ltr'>Mars</span> <span class='ocrx_word' id='word_1_10' title='bbox 717 898 822 977; x_wconf 82' lang='lat' dir='ltr'>impius</span> <span class='ocrx_word' id='word_1_11' title='bbox 835 903 909 962; x_wconf 82' lang='lat' dir='ltr'>orbe</span> <span class='ocrx_word' id='word_1_12' title='bbox 926 922 934 963; x_wconf 73' lang='grc' dir='ltr'><strong>ε</strong></span> <span class='ocrx_word' id='word_1_13' title='bbox 1025 903 1030 914; x_wconf 93' lang='grc'><strong>’</strong></span> 
     </span>
    </p>
   </div>
   <div class='ocr_carea' id='block_1_3' title="bbox 185 984 1011 1252">
    <p class='ocr_par' dir='ltr' id='par_1_3' title="bbox 185 984 1011 1252">
     <span class='ocr_line' id='line_1_3' title="bbox 187 984 943 1074; baseline 0.016 -30"><span class='ocrx_word' id='word_1_14' title='bbox 187 984 237 1056; x_wconf 90' lang='lat' dir='ltr'>Ut,</span> <span class='ocrx_word' id='word_1_15' title='bbox 254 1004 346 1061; x_wconf 90' lang='lat' dir='ltr'>quum</span> <span class='ocrx_word' id='word_1_16' title='bbox 360 987 535 1046; x_wconf 75' lang='lat' dir='ltr'><strong>carceribus</strong></span> <span class='ocrx_word' id='word_1_17' title='bbox 549 1008 616 1047; x_wconf 85' lang='lat' dir='ltr'>sese</span> <span class='ocrx_word' id='word_1_18' title='bbox 631 989 775 1064; x_wconf 70' lang='lat' dir='ltr'>effudere,</span> <span class='ocrx_word' id='word_1_19' title='bbox 792 995 943 1074; x_wconf 75' lang='lat' dir='ltr'>quadrigae</span> 
     </span>
     <span class='ocr_line' id='line_1_4' title="bbox 185 1078 962 1156; baseline 0.017 -21"><span class='ocrx_word' id='word_1_20' title='bbox 185 1078 308 1136; x_wconf 81' lang='lat' dir='ltr'>Addunt</span> <span class='ocrx_word' id='word_1_21' title='bbox 321 1079 351 1136; x_wconf 90' lang='lat' dir='ltr'>in</span> <span class='ocrx_word' id='word_1_22' title='bbox 366 1079 475 1156; x_wconf 82' lang='lat' dir='ltr'>spatia,</span> <span class='ocrx_word' id='word_1_23' title='bbox 490 1088 519 1138; x_wconf 87' lang='lat' dir='ltr'>et</span> <span class='ocrx_word' id='word_1_24' title='bbox 535 1081 646 1141; x_wconf 73' lang='lat' dir='ltr'>frustra</span> <span class='ocrx_word' id='word_1_25' title='bbox 658 1085 825 1144; x_wconf 76' lang='lat' dir='ltr'>retinaculo</span> <span class='ocrx_word' id='word_1_26' title='bbox 837 1088 962 1148; x_wconf 85' lang='lat' dir='ltr'>tendens</span> 
     </span>
     <span class='ocr_line' id='line_1_5' title="bbox 186 1170 1011 1252; baseline 0.019 -23"><span class='ocrx_word' id='word_1_27' title='bbox 186 1170 297 1231; x_wconf 79' lang='lat' dir='ltr'>Fertur</span> <span class='ocrx_word' id='word_1_28' title='bbox 309 1173 396 1250; x_wconf 84' lang='lat' dir='ltr'>equis</span> <span class='ocrx_word' id='word_1_29' title='bbox 410 1173 526 1252; x_wconf 78' lang='lat' dir='ltr'>auriga,</span> <span class='ocrx_word' id='word_1_30' title='bbox 542 1194 640 1252; x_wconf 90' lang='lat' dir='ltr'>neque</span> <span class='ocrx_word' id='word_1_31' title='bbox 654 1177 735 1237; x_wconf 80' lang='lat' dir='ltr'>audit</span> <span class='ocrx_word' id='word_1_32' title='bbox 749 1198 855 1239; x_wconf 89' lang='lat' dir='ltr'>currus</span> <span class='ocrx_word' id='word_1_33' title='bbox 868 1182 1011 1246; x_wconf 74' lang='lat' dir='ltr'>habenas.</span> 
     </span>
    </p>
   </div>
   <div class='ocr_carea' id='block_1_4' title="bbox 559 1487 789 1502">
    <p class='ocr_par' dir='ltr' id='par_1_4' title="bbox 559 1487 789 1502">
     <span class='ocr_line' id='line_1_6' title="bbox 559 1487 789 1502; baseline 0.022 -4"><span class='ocrx_word' id='word_1_34' title='bbox 559 1487 789 1502; x_wconf 53' lang='grc' dir='ltr'>ῃ</span> 
     </span>
    </p>
   </div>
   <div class='ocr_carea' id='block_1_5' title="bbox 477 1733 875 1812">
    <p class='ocr_par' dir='ltr' id='par_1_5' title="bbox 477 1733 875 1812">
     <span class='ocr_line' id='line_1_7' title="bbox 477 1733 875 1812; baseline 0.018 -7"><span class='ocrx_word' id='word_1_35' title='bbox 477 1733 875 1812; x_wconf 83' lang='lat' dir='ltr'><strong>GEORGIOON</strong></span> 
     </span>
    </p>
   </div>
   <div class='ocr_carea' id='block_1_6' title="bbox 552 1946 791 2010">
    <p class='ocr_par' dir='ltr' id='par_1_6' title="bbox 552 1946 791 2010">
     <span class='ocr_line' id='line_1_8' title="bbox 552 1946 791 2010; baseline 0.008 -4"><span class='ocrx_word' id='word_1_36' title='bbox 552 1946 715 2010; x_wconf 81' lang='lat' dir='ltr'>LIBER</span> <span class='ocrx_word' id='word_1_37' title='bbox 740 1950 791 2010; x_wconf 84' lang='grc' dir='ltr'>ΙΙ.</span> 
     </span>
    </p>
   </div>
   <div class='ocr_carea' id='block_1_7' title="bbox 547 2147 780 2165">
    <p class='ocr_par' dir='ltr' id='par_1_7' title="bbox 547 2147 780 2165">
     <span class='ocr_line' id='line_1_9' title="bbox 547 2147 780 2165; baseline 0.017 -4"><span class='ocrx_word' id='word_1_38' title='bbox 547 2147 780 2165; x_wconf 51' lang='grc' dir='ltr'>Ἢ</span> 
     </span>
    </p>
   </div>
   <div class='ocr_carea' id='block_1_8' title="bbox 168 2282 1161 4614">
    <p class='ocr_par' dir='ltr' id='par_1_8' title="bbox 168 2282 1161 4614">
     <span class='ocr_line' id='line_1_10' title="bbox 180 2282 878 2348; baseline 0.006 -6"><span class='ocrx_word' id='word_1_39' title='bbox 180 2282 351 2344; x_wconf 76' lang='lat' dir='ltr'>Hicrrnus</span> <span class='ocrx_word' id='word_1_40' title='bbox 367 2306 504 2347; x_wconf 78' lang='lat' dir='ltr'>arvorum</span> <span class='ocrx_word' id='word_1_41' title='bbox 518 2288 617 2347; x_wconf 84' lang='lat' dir='ltr'>cultus</span> <span class='ocrx_word' id='word_1_42' title='bbox 629 2297 659 2346; x_wconf 89' lang='lat' dir='ltr'>et</span> <span class='ocrx_word' id='word_1_43' title='bbox 672 2289 771 2348; x_wconf 82' lang='lat' dir='ltr'>sidera</span> <span class='ocrx_word' id='word_1_44' title='bbox 785 2288 855 2348; x_wconf 88' lang='lat' dir='ltr'>coeli</span> <span class='ocrx_word' id='word_1_45' title='bbox 870 2307 878 2346; x_wconf 91' lang='lat'><strong>:</strong></span> 
     </span>
     <span class='ocr_line' id='line_1_11' title="bbox 180 2376 1026 2452; baseline 0.006 -17"><span class='ocrx_word' id='word_1_46' title='bbox 180 2376 269 2437; x_wconf 89' lang='lat' dir='ltr'>Nunc</span> <span class='ocrx_word' id='word_1_47' title='bbox 281 2388 322 2450; x_wconf 88' lang='lat' dir='ltr'>te,</span> <span class='ocrx_word' id='word_1_48' title='bbox 338 2380 471 2452; x_wconf 82' lang='lat' dir='ltr'>Bacche,</span> <span class='ocrx_word' id='word_1_49' title='bbox 487 2400 605 2451; x_wconf 87' lang='lat' dir='ltr'>canam,</span> <span class='ocrx_word' id='word_1_50' title='bbox 621 2400 678 2439; x_wconf 86' lang='lat' dir='ltr'>nec</span> <span class='ocrx_word' id='word_1_51' title='bbox 691 2401 750 2440; x_wconf 92' lang='lat' dir='ltr'>non</span> <span class='ocrx_word' id='word_1_52' title='bbox 763 2381 913 2440; x_wconf 78' lang='lat' dir='ltr'>silvestria</span> <span class='ocrx_word' id='word_1_53' title='bbox 925 2388 1026 2440; x_wconf 86' lang='lat' dir='ltr'>tecum</span> 
     </span>
     <span class='ocr_line' id='line_1_12' title="bbox 179 2467 888 2552; baseline 0.007 -24"><span class='ocrx_word' id='word_1_54' title='bbox 179 2467 326 2549; x_wconf 73' lang='lat' dir='ltr'>Virgulta,</span> <span class='ocrx_word' id='word_1_55' title='bbox 342 2484 371 2532; x_wconf 90' lang='lat' dir='ltr'>et</span> <span class='ocrx_word' id='word_1_56' title='bbox 386 2475 499 2552; x_wconf 88' lang='lat' dir='ltr'>prolem</span> <span class='ocrx_word' id='word_1_57' title='bbox 512 2473 598 2531; x_wconf 74' lang='lat' dir='ltr'>tarde</span> <span class='ocrx_word' id='word_1_58' title='bbox 613 2474 777 2531; x_wconf 87' lang='lat' dir='ltr'>crescentis</span> <span class='ocrx_word' id='word_1_59' title='bbox 791 2475 888 2533; x_wconf 73' lang='lat' dir='ltr'>olivae.</span> 
     </span>
     <span class='ocr_line' id='line_1_13' title="bbox 179 2563 906 2645; baseline 0.004 -22"><span class='ocrx_word' id='word_1_60' title='bbox 179 2563 261 2638; x_wconf 87' lang='lat' dir='ltr'>Huc,</span> <span class='ocrx_word' id='word_1_61' title='bbox 278 2579 362 2645; x_wconf 85' lang='lat' dir='ltr'>puter</span> <span class='ocrx_word' id='word_1_62' title='bbox 375 2590 392 2629; x_wconf 94' lang='lat'>0</span> <span class='ocrx_word' id='word_1_63' title='bbox 406 2570 519 2628; x_wconf 67' lang='lat' dir='ltr'>Lenaee</span> <span class='ocrx_word' id='word_1_64' title='bbox 536 2589 544 2639; x_wconf 91' lang='lat'>;</span> <span class='ocrx_word' id='word_1_65' title='bbox 567 2569 626 2627; x_wconf 92' lang='lat' dir='ltr'>tuis</span> <span class='ocrx_word' id='word_1_66' title='bbox 641 2569 691 2627; x_wconf 86' lang='lat' dir='ltr'>bic</span> <span class='ocrx_word' id='word_1_67' title='bbox 704 2569 803 2626; x_wconf 89' lang='lat' dir='ltr'>omnia</span> <span class='ocrx_word' id='word_1_68' title='bbox 817 2568 906 2645; x_wconf 89' lang='lat' dir='ltr'>plena</span> 
     </span>
     <span class='ocr_line' id='line_1_14' title="bbox 179 2656 1161 2740; baseline 0.005 -23"><span class='ocrx_word' id='word_1_69' title='bbox 179 2656 368 2733; x_wconf 85' lang='lat' dir='ltr'>Muneribus,</span> <span class='ocrx_word' id='word_1_70' title='bbox 384 2664 436 2720; x_wconf 91' lang='lat' dir='ltr'>tibi</span> <span class='ocrx_word' id='word_1_71' title='bbox 453 2664 609 2740; x_wconf 81' lang='lat' dir='ltr'>pampineo</span> <span class='ocrx_word' id='word_1_72' title='bbox 623 2663 765 2740; x_wconf 80' lang='lat' dir='ltr'>gravidus</span> <span class='ocrx_word' id='word_1_73' title='bbox 778 2671 919 2720; x_wconf 88' lang='lat' dir='ltr'>autumno</span> <span class='ocrx_word' id='word_1_74' title='bbox 1140 2664 1161 2722; x_wconf 79' lang='grc' dir='ltr'><strong>ὅ</strong></span> 
     </span>
     <span class='ocr_line' id='line_1_15' title="bbox 177 2754 911 2835; baseline 0.001 -22"><span class='ocrx_word' id='word_1_75' title='bbox 177 2754 279 2815; x_wconf 82' lang='lat' dir='ltr'>Floret</span> <span class='ocrx_word' id='word_1_76' title='bbox 294 2778 378 2835; x_wconf 85' lang='lat' dir='ltr'>ager,</span> <span class='ocrx_word' id='word_1_77' title='bbox 395 2768 511 2835; x_wconf 86' lang='lat' dir='ltr'>spumat</span> <span class='ocrx_word' id='word_1_78' title='bbox 525 2759 620 2835; x_wconf 89' lang='lat' dir='ltr'>plenis</span> <span class='ocrx_word' id='word_1_79' title='bbox 634 2758 781 2816; x_wconf 84' lang='lat' dir='ltr'>vindemia</span> <span class='ocrx_word' id='word_1_80' title='bbox 795 2758 888 2815; x_wconf 88' lang='lat' dir='ltr'>labris</span> <span class='ocrx_word' id='word_1_81' title='bbox 903 2776 911 2826; x_wconf 91' lang='lat'>;</span> 
     </span>
     <span class='ocr_line' id='line_1_16' title="bbox 177 2849 946 2929; baseline 0.005 -22"><span class='ocrx_word' id='word_1_82' title='bbox 177 2849 259 2921; x_wconf 90' lang='lat' dir='ltr'>Huc,</span> <span class='ocrx_word' id='word_1_83' title='bbox 276 2861 362 2928; x_wconf 84' lang='lat' dir='ltr'>puter</span> <span class='ocrx_word' id='word_1_84' title='bbox 375 2872 393 2909; x_wconf 94' lang='lat' dir='ltr'>o</span> <span class='ocrx_word' id='word_1_85' title='bbox 407 2851 529 2923; x_wconf 84' lang='lat' dir='ltr'>Lenaee,</span> <span class='ocrx_word' id='word_1_86' title='bbox 544 2853 612 2910; x_wconf 81' lang='lat' dir='ltr'>veni</span> <span class='ocrx_word' id='word_1_87' title='bbox 629 2872 636 2921; x_wconf 92' lang='lat'>;</span> <span class='ocrx_word' id='word_1_88' title='bbox 661 2852 830 2929; x_wconf 86' lang='lat' dir='ltr'>nudataque</span> <span class='ocrx_word' id='word_1_89' title='bbox 849 2859 946 2911; x_wconf 84' lang='lat' dir='ltr'>musto</span> 
     </span>
     <span class='ocr_line' id='line_1_17' title="bbox 176 2942 922 3023; baseline 0.007 -23"><span class='ocrx_word' id='word_1_90' title='bbox 176 2942 273 3021; x_wconf 83' lang='lat' dir='ltr'><strong>Tinge</strong></span> <span class='ocrx_word' id='word_1_91' title='bbox 293 2964 371 3002; x_wconf 88' lang='lat' dir='ltr'>novo</span> <span class='ocrx_word' id='word_1_92' title='bbox 385 2964 501 3003; x_wconf 89' lang='lat' dir='ltr'>mecum</span> <span class='ocrx_word' id='word_1_93' title='bbox 514 2945 644 3023; x_wconf 89' lang='lat' dir='ltr'>dereptis</span> <span class='ocrx_word' id='word_1_94' title='bbox 657 2965 746 3004; x_wconf 82' lang='lat' dir='ltr'>crura</span> <span class='ocrx_word' id='word_1_95' title='bbox 760 2946 922 3005; x_wconf 73' lang='lat' dir='ltr'>cothurnis.</span> 
     </span>
     <span class='ocr_line' id='line_1_18' title="bbox 214 3037 999 3115; baseline 0.003 -20"><span class='ocrx_word' id='word_1_96' title='bbox 214 3038 377 3115; x_wconf 86' lang='lat' dir='ltr'>Principio,</span> <span class='ocrx_word' id='word_1_97' title='bbox 394 3040 549 3096; x_wconf 81' lang='lat' dir='ltr'>arboribus</span> <span class='ocrx_word' id='word_1_98' title='bbox 564 3040 646 3097; x_wconf 81' lang='lat' dir='ltr'>varie</span> <span class='ocrx_word' id='word_1_99' title='bbox 660 3048 704 3097; x_wconf 86' lang='lat' dir='ltr'>est</span> <span class='ocrx_word' id='word_1_100' title='bbox 719 3049 826 3098; x_wconf 82' lang='lat' dir='ltr'>natura</span> <span class='ocrx_word' id='word_1_101' title='bbox 839 3037 999 3098; x_wconf 84' lang='lat' dir='ltr'>creandis:</span> 
     </span>
     <span class='ocr_line' id='line_1_19' title="bbox 176 3125 1159 3213; baseline 0.005 -22"><span class='ocrx_word' id='word_1_102' title='bbox 176 3132 314 3209; x_wconf 83' lang='lat' dir='ltr'>Namque</span> <span class='ocrx_word' id='word_1_103' title='bbox 329 3135 407 3204; x_wconf 77' lang='lat' dir='ltr'>alim,</span> <span class='ocrx_word' id='word_1_104' title='bbox 423 3135 510 3191; x_wconf 85' lang='lat' dir='ltr'>nullia</span> <span class='ocrx_word' id='word_1_105' title='bbox 525 3125 673 3194; x_wconf 88' lang='lat' dir='ltr'>bominum</span> <span class='ocrx_word' id='word_1_106' title='bbox 686 3136 873 3213; x_wconf 81' lang='lat' dir='ltr'>cogentibus,</span> <span class='ocrx_word' id='word_1_107' title='bbox 890 3135 962 3212; x_wconf 77' lang='lat' dir='ltr'>ipsas</span> <span class='ocrx_word' id='word_1_108' title='bbox 1123 3139 1159 3196; x_wconf 88' lang='grc'>10</span> 
     </span>
     <span class='ocr_line' id='line_1_20' title="bbox 177 3226 951 3306; baseline 0.004 -23"><span class='ocrx_word' id='word_1_109' title='bbox 177 3226 285 3302; x_wconf 79' lang='lat' dir='ltr'>Sponte</span> <span class='ocrx_word' id='word_1_110' title='bbox 300 3226 501 3298; x_wconf 66' lang='lat' dir='ltr'>subveniunt,</span> <span class='ocrx_word' id='word_1_111' title='bbox 517 3248 698 3306; x_wconf 87' lang='lat' dir='ltr'>camposque</span> <span class='ocrx_word' id='word_1_112' title='bbox 714 3239 743 3286; x_wconf 88' lang='lat' dir='ltr'>et</span> <span class='ocrx_word' id='word_1_113' title='bbox 757 3229 879 3286; x_wconf 78' lang='lat' dir='ltr'>flumina</span> <span class='ocrx_word' id='word_1_114' title='bbox 891 3228 951 3286; x_wconf 77' lang='lat' dir='ltr'>late</span> 
     </span>
     <span class='ocr_line' id='line_1_21' title="bbox 176 3316 985 3399; baseline 0.005 -23"><span class='ocrx_word' id='word_1_115' title='bbox 176 3316 279 3377; x_wconf 81' lang='lat' dir='ltr'>Curva</span> <span class='ocrx_word' id='word_1_116' title='bbox 296 3328 398 3377; x_wconf 89' lang='lat' dir='ltr'>tenent</span> <span class='ocrx_word' id='word_1_117' title='bbox 412 3339 420 3389; x_wconf 82' lang='lat'>3</span> <span class='ocrx_word' id='word_1_118' title='bbox 444 3329 475 3378; x_wconf 92' lang='lat' dir='ltr'>ut</span> <span class='ocrx_word' id='word_1_119' title='bbox 489 3322 576 3378; x_wconf 92' lang='lat' dir='ltr'>molle</span> <span class='ocrx_word' id='word_1_120' title='bbox 590 3322 671 3390; x_wconf 88' lang='lat' dir='ltr'>siler,</span> <span class='ocrx_word' id='word_1_121' title='bbox 688 3322 835 3396; x_wconf 82' lang='lat' dir='ltr'>lentaeque</span> <span class='ocrx_word' id='word_1_122' title='bbox 849 3321 985 3399; x_wconf 79' lang='lat' dir='ltr'>genistae,</span> 
     </span>
     <span class='ocr_line' id='line_1_22' title="bbox 175 3409 882 3492; baseline 0.003 -24"><span class='ocrx_word' id='word_1_123' title='bbox 175 3409 316 3489; x_wconf 88' lang='lat' dir='ltr'>Populus,</span> <span class='ocrx_word' id='word_1_124' title='bbox 333 3422 361 3470; x_wconf 92' lang='lat' dir='ltr'>et</span> <span class='ocrx_word' id='word_1_125' title='bbox 376 3413 487 3492; x_wconf 68' lang='lat' dir='ltr'>glauci.</span> <span class='ocrx_word' id='word_1_126' title='bbox 500 3415 638 3472; x_wconf 77' lang='lat' dir='ltr'>canentia</span> <span class='ocrx_word' id='word_1_127' title='bbox 651 3414 754 3471; x_wconf 81' lang='lat' dir='ltr'>fronde</span> <span class='ocrx_word' id='word_1_128' title='bbox 768 3414 882 3471; x_wconf 85' lang='lat' dir='ltr'>salicta.</span> 
     </span>
     <span class='ocr_line' id='line_1_23' title="bbox 174 3503 951 3584; baseline 0.006 -23"><span class='ocrx_word' id='word_1_129' title='bbox 174 3503 249 3563; x_wconf 81' lang='lat' dir='ltr'>Pars</span> <span class='ocrx_word' id='word_1_130' title='bbox 264 3517 363 3564; x_wconf 82' lang='lat' dir='ltr'>nutem</span> <span class='ocrx_word' id='word_1_131' title='bbox 377 3508 472 3584; x_wconf 89' lang='lat' dir='ltr'>posito</span> <span class='ocrx_word' id='word_1_132' title='bbox 487 3516 611 3584; x_wconf 83' lang='lat' dir='ltr'>surgunt</span> <span class='ocrx_word' id='word_1_133' title='bbox 626 3507 663 3563; x_wconf 89' lang='lat' dir='ltr'>de</span> <span class='ocrx_word' id='word_1_134' title='bbox 678 3507 790 3564; x_wconf 82' lang='lat' dir='ltr'>semine</span> <span class='ocrx_word' id='word_1_135' title='bbox 805 3525 813 3574; x_wconf 89' lang='lat'>;</span> <span class='ocrx_word' id='word_1_136' title='bbox 838 3516 869 3563; x_wconf 91' lang='lat' dir='ltr'>ut</span> <span class='ocrx_word' id='word_1_137' title='bbox 882 3507 951 3566; x_wconf 66' lang='lat' dir='ltr'>altre</span> 
     </span>
     <span class='ocr_line' id='line_1_24' title="bbox 174 3595 1156 3674; baseline 0.002 -17"><span class='ocrx_word' id='word_1_138' title='bbox 174 3595 346 3670; x_wconf 64' lang='lat' dir='ltr'>Castaneas,</span> <span class='ocrx_word' id='word_1_139' title='bbox 362 3618 576 3674; x_wconf 80' lang='lat' dir='ltr'>nemorumque</span> <span class='ocrx_word' id='word_1_140' title='bbox 590 3599 660 3658; x_wconf 88' lang='lat' dir='ltr'>Jovi</span> <span class='ocrx_word' id='word_1_141' title='bbox 676 3618 741 3674; x_wconf 86' lang='lat' dir='ltr'>quae</span> <span class='ocrx_word' id='word_1_142' title='bbox 757 3599 884 3657; x_wconf 83' lang='lat' dir='ltr'>maxima</span> <span class='ocrx_word' id='word_1_143' title='bbox 897 3598 1014 3659; x_wconf 83' lang='lat' dir='ltr'>frondet</span> <span class='ocrx_word' id='word_1_144' title='bbox 1120 3602 1156 3659; x_wconf 81' lang='lat'>15</span> 
     </span>
     <span class='ocr_line' id='line_1_25' title="bbox 172 3692 969 3772; baseline 0.006 -22"><span class='ocrx_word' id='word_1_145' title='bbox 172 3692 331 3765; x_wconf 81' lang='lat' dir='ltr'>AEsculus,</span> <span class='ocrx_word' id='word_1_146' title='bbox 348 3704 438 3772; x_wconf 85' lang='lat' dir='ltr'>atque</span> <span class='ocrx_word' id='word_1_147' title='bbox 453 3695 561 3754; x_wconf 83' lang='lat' dir='ltr'>habitae</span> <span class='ocrx_word' id='word_1_148' title='bbox 577 3694 680 3754; x_wconf 83' lang='lat' dir='ltr'>Graiis</span> <span class='ocrx_word' id='word_1_149' title='bbox 694 3696 816 3752; x_wconf 86' lang='lat' dir='ltr'>oracula</span> <span class='ocrx_word' id='word_1_150' title='bbox 831 3714 969 3771; x_wconf 85' lang='lat' dir='ltr'>quercus.</span> 
     </span>
     <span class='ocr_line' id='line_1_26' title="bbox 172 3785 849 3858; baseline 0.003 -14"><span class='ocrx_word' id='word_1_151' title='bbox 172 3785 302 3845; x_wconf 90' lang='lat' dir='ltr'>Pullulat</span> <span class='ocrx_word' id='word_1_152' title='bbox 317 3791 353 3847; x_wconf 88' lang='lat' dir='ltr'>ab</span> <span class='ocrx_word' id='word_1_153' title='bbox 368 3790 468 3847; x_wconf 86' lang='lat' dir='ltr'>radice</span> <span class='ocrx_word' id='word_1_154' title='bbox 484 3788 550 3847; x_wconf 88' lang='lat' dir='ltr'>aliis</span> <span class='ocrx_word' id='word_1_155' title='bbox 563 3789 740 3846; x_wconf 87' lang='lat' dir='ltr'>densissime</span> <span class='ocrx_word' id='word_1_156' title='bbox 754 3789 828 3846; x_wconf 83' lang='lat' dir='ltr'>silva</span> <span class='ocrx_word' id='word_1_157' title='bbox 841 3808 849 3858; x_wconf 83' lang='lat'><em>3</em></span> 
     </span>
     <span class='ocr_line' id='line_1_27' title="bbox 171 3877 945 3958; baseline 0.008 -22"><span class='ocrx_word' id='word_1_158' title='bbox 171 3877 210 3937; x_wconf 88' lang='lat' dir='ltr'>Ut</span> <span class='ocrx_word' id='word_1_159' title='bbox 228 3881 353 3952; x_wconf 85' lang='lat' dir='ltr'>cerasis,</span> <span class='ocrx_word' id='word_1_160' title='bbox 370 3883 516 3958; x_wconf 89' lang='lat' dir='ltr'>ulmisque</span> <span class='ocrx_word' id='word_1_161' title='bbox 532 3901 540 3951; x_wconf 90' lang='lat'>;</span> <span class='ocrx_word' id='word_1_162' title='bbox 563 3882 653 3940; x_wconf 86' lang='lat' dir='ltr'>ctiam</span> <span class='ocrx_word' id='word_1_163' title='bbox 666 3882 828 3939; x_wconf 84' lang='lat' dir='ltr'>Parnassia</span> <span class='ocrx_word' id='word_1_164' title='bbox 841 3882 945 3942; x_wconf 85' lang='lat' dir='ltr'>laurus</span> 
     </span>
     <span class='ocr_line' id='line_1_28' title="bbox 171 3971 888 4053; baseline 0.006 -23"><span class='ocrx_word' id='word_1_165' title='bbox 171 3971 269 4032; x_wconf 81' lang='lat' dir='ltr'>Parva</span> <span class='ocrx_word' id='word_1_166' title='bbox 282 3976 337 4033; x_wconf 86' lang='lat' dir='ltr'>sub</span> <span class='ocrx_word' id='word_1_167' title='bbox 352 3975 464 4053; x_wconf 84' lang='lat' dir='ltr'>ingenti</span> <span class='ocrx_word' id='word_1_168' title='bbox 478 3976 581 4033; x_wconf 79' lang='lat' dir='ltr'>matris</span> <span class='ocrx_word' id='word_1_169' title='bbox 594 3994 627 4034; x_wconf 82' lang='lat' dir='ltr'>se</span> <span class='ocrx_word' id='word_1_170' title='bbox 643 3975 760 4049; x_wconf 86' lang='lat' dir='ltr'>subjicit</span> <span class='ocrx_word' id='word_1_171' title='bbox 775 3973 888 4034; x_wconf 70' lang='lat' dir='ltr'>umbri.</span> 
     </span>
     <span class='ocr_line' id='line_1_29' title="bbox 170 4064 1154 4146; baseline 0.007 -21"><span class='ocrx_word' id='word_1_172' title='bbox 170 4064 238 4125; x_wconf 84' lang='lat' dir='ltr'>Hos</span> <span class='ocrx_word' id='word_1_173' title='bbox 252 4068 280 4126; x_wconf 93' lang='lat' dir='ltr'><strong>N</strong></span> <span class='ocrx_word' id='word_1_174' title='bbox 284 4078 369 4127; x_wconf 81' lang='lat' dir='ltr'>utura</span> <span class='ocrx_word' id='word_1_175' title='bbox 383 4069 485 4128; x_wconf 88' lang='lat' dir='ltr'>modos</span> <span class='ocrx_word' id='word_1_176' title='bbox 499 4069 624 4145; x_wconf 81' lang='lat' dir='ltr'>primum</span> <span class='ocrx_word' id='word_1_177' title='bbox 637 4068 717 4126; x_wconf 87' lang='lat' dir='ltr'>dedit</span> <span class='ocrx_word' id='word_1_178' title='bbox 731 4088 739 4137; x_wconf 89' lang='lat'>;</span> <span class='ocrx_word' id='word_1_179' title='bbox 762 4069 808 4127; x_wconf 89' lang='lat' dir='ltr'>his</span> <span class='ocrx_word' id='word_1_180' title='bbox 821 4088 917 4146; x_wconf 85' lang='lat' dir='ltr'>genus</span> <span class='ocrx_word' id='word_1_181' title='bbox 930 4087 1017 4128; x_wconf 89' lang='lat' dir='ltr'>omna</span> <span class='ocrx_word' id='word_1_182' title='bbox 1113 4073 1154 4132; x_wconf 74' lang='lat'>20</span> 
     </span>
     <span class='ocr_line' id='line_1_30' title="bbox 172 4159 1022 4239; baseline 0.007 -21"><span class='ocrx_word' id='word_1_183' title='bbox 172 4159 318 4219; x_wconf 84' lang='lat' dir='ltr'>Silvarum</span> <span class='ocrx_word' id='word_1_184' title='bbox 332 4162 531 4239; x_wconf 88' lang='lat' dir='ltr'>fruticumque</span> <span class='ocrx_word' id='word_1_185' title='bbox 546 4161 620 4220; x_wconf 88' lang='lat' dir='ltr'>viret</span> <span class='ocrx_word' id='word_1_186' title='bbox 633 4181 846 4238; x_wconf 87' lang='lat' dir='ltr'>nemorumque</span> <span class='ocrx_word' id='word_1_187' title='bbox 860 4181 1022 4224; x_wconf 81' lang='lat' dir='ltr'>sacrorum.</span> 
     </span>
     <span class='ocr_line' id='line_1_31' title="bbox 209 4255 867 4334; baseline 0.006 -21"><span class='ocrx_word' id='word_1_188' title='bbox 209 4255 283 4314; x_wconf 87' lang='lat' dir='ltr'>Sunt</span> <span class='ocrx_word' id='word_1_189' title='bbox 298 4257 348 4316; x_wconf 88' lang='lat' dir='ltr'>alii</span> <span class='ocrx_word' id='word_1_190' title='bbox 363 4276 439 4333; x_wconf 89' lang='lat' dir='ltr'>quos</span> <span class='ocrx_word' id='word_1_191' title='bbox 452 4258 515 4334; x_wconf 87' lang='lat' dir='ltr'>ipse</span> <span class='ocrx_word' id='word_1_192' title='bbox 530 4255 580 4314; x_wconf 71' lang='lat' dir='ltr'>vit</span> <span class='ocrx_word' id='word_1_193' title='bbox 594 4257 650 4315; x_wconf 89' lang='lat' dir='ltr'>sibi</span> <span class='ocrx_word' id='word_1_194' title='bbox 662 4257 772 4334; x_wconf 83' lang='lat' dir='ltr'>reperit</span> <span class='ocrx_word' id='word_1_195' title='bbox 787 4277 867 4317; x_wconf 82' lang='lat' dir='ltr'>usus.</span> 
     </span>
     <span class='ocr_line' id='line_1_32' title="bbox 169 4345 983 4428; baseline 0.009 -23"><span class='ocrx_word' id='word_1_196' title='bbox 169 4345 231 4407; x_wconf 89' lang='lat' dir='ltr'>Hic</span> <span class='ocrx_word' id='word_1_197' title='bbox 245 4350 360 4427; x_wconf 89' lang='lat' dir='ltr'>plantas</span> <span class='ocrx_word' id='word_1_198' title='bbox 376 4359 480 4409; x_wconf 88' lang='lat' dir='ltr'>tenero</span> <span class='ocrx_word' id='word_1_199' title='bbox 495 4350 652 4410; x_wconf 82' lang='lat' dir='ltr'>abscidens</span> <span class='ocrx_word' id='word_1_200' title='bbox 666 4351 703 4408; x_wconf 88' lang='lat' dir='ltr'>de</span> <span class='ocrx_word' id='word_1_201' title='bbox 718 4370 841 4428; x_wconf 83' lang='lat' dir='ltr'>corpore</span> <span class='ocrx_word' id='word_1_202' title='bbox 855 4359 983 4412; x_wconf 79' lang='lat' dir='ltr'>matrum</span> 
     </span>
     <span class='ocr_line' id='line_1_33' title="bbox 168 4438 845 4521; baseline 0.007 -22"><span class='ocrx_word' id='word_1_203' title='bbox 168 4438 314 4519; x_wconf 85' lang='lat' dir='ltr'>Deposuit</span> <span class='ocrx_word' id='word_1_204' title='bbox 330 4444 443 4514; x_wconf 84' lang='lat' dir='ltr'>sulcis;</span> <span class='ocrx_word' id='word_1_205' title='bbox 468 4445 516 4504; x_wconf 82' lang='lat' dir='ltr'>liic</span> <span class='ocrx_word' id='word_1_206' title='bbox 530 4445 637 4521; x_wconf 86' lang='lat' dir='ltr'>stirpes</span> <span class='ocrx_word' id='word_1_207' title='bbox 651 4445 748 4503; x_wconf 89' lang='lat' dir='ltr'>obruit</span> <span class='ocrx_word' id='word_1_208' title='bbox 763 4465 845 4517; x_wconf 85' lang='lat' dir='ltr'>arvo,</span> 
     </span>
     <span class='ocr_line' id='line_1_34' title="bbox 169 4531 1151 4614; baseline 0.004 -19"><span class='ocrx_word' id='word_1_209' title='bbox 169 4531 422 4614; x_wconf 79' lang='lat' dir='ltr'>Quadrifidasque</span> <span class='ocrx_word' id='word_1_210' title='bbox 435 4538 536 4613; x_wconf 84' lang='lat' dir='ltr'>sudes,</span> <span class='ocrx_word' id='word_1_211' title='bbox 552 4547 581 4598; x_wconf 88' lang='lat' dir='ltr'>et</span> <span class='ocrx_word' id='word_1_212' title='bbox 599 4548 688 4598; x_wconf 79' lang='lat' dir='ltr'>scuto</span> <span class='ocrx_word' id='word_1_213' title='bbox 701 4541 809 4599; x_wconf 84' lang='lat' dir='ltr'>robore</span> <span class='ocrx_word' id='word_1_214' title='bbox 823 4539 917 4599; x_wconf 77' lang='lat' dir='ltr'>vallos</span> <span class='ocrx_word' id='word_1_215' title='bbox 931 4559 939 4599; x_wconf 71' lang='grc' dir='ltr'><strong>ι</strong></span> <span class='ocrx_word' id='word_1_216' title='bbox 1111 4538 1151 4598; x_wconf 70' lang='lat'>26</span> 
     </span>
    </p>
   </div>
   <div class='ocr_carea' id='block_1_9' title="bbox 0 0 1350 5122">
    <p class='ocr_par' dir='ltr' id='par_1_9' title="bbox 0 0 1350 5122">
     <span class='ocr_line' id='line_1_35' title="bbox 0 0 1350 5122; baseline 0 6"><span class='ocrx_word' id='word_1_217' title='bbox 0 0 1350 5122; x_wconf 95' lang='lat' dir='ltr'> </span> 
     </span>
    </p>
   </div>
  </div>
 </body>
</html>
