2692 5122
190 381 252 438 m
478 377 504 424 r.
522 375 691 423 vraetnrr
710 374 883 424 uisurus

192 512 273 573 Tros
285 514 454 573 Rutulum
468 516 543 586 sust,
558 516 640 573 nullo
653 514 823 574 discrimine
836 515 977 585 babeb03

193 611 254 668 Seu
268 611 336 668 satis
350 610 457 669 ltsltim
470 623 572 669 cestra
583 611 737 669 obsidione
749 620 900 681 tenentur,

193 702 263 762 Sive
277 724 380 762 errore
394 706 472 763 melo
484 706 585 781 Trojae
599 705 777 780 monitisque
790 704 927 762 sisteris
1120 702 1180 763 tto

193 797 260 857 Nec
273 799 404 856 Rutulos
417 799 510 856 solvo.
552 800 615 856 Sus
627 798 738 873 cuique
751 816 859 854 exorsa
872 797 1007 854 laborem

192 889 416 968 Fortunamque
429 892 534 950 serent.
575 892 646 949 Rex
658 891 778 967 Jupiter
790 891 926 948 omnibns
939 889 1027 948 idem.

192 983 220 1044 F
220 997 270 1042 ste
285 986 361 1042 viam
375 986 536 1043 invenient.
578 986 675 1063 Stygii
688 1004 742 1062 per
753 984 875 1041 flumine
888 983 1000 1056 fratr'u,

192 1077 252 1135 Per
266 1079 331 1156 pice
344 1089 493 1136 torrentes
507 1077 633 1154 utrique
647 1080 790 1156 voragine
808 1078 899 1154 ripen,

191 1171 306 1231 Annuit
320 1193 328 1241 ;
351 1181 380 1231 et
393 1182 486 1231 totum
501 1182 573 1231 nutu
587 1172 752 1230 tremefecit
765 1171 934 1249 Olympum.
1117 1171 1178 1231 116

192 1264 254 1324 Hic
269 1266 335 1323 finis
349 1267 439 1325 sandi.
482 1267 563 1324 Solio
576 1276 639 1324 tum
651 1265 771 1343 Jupiter
783 1284 876 1322 aureo

193 1360 293 1438 Surgit
310 1380 318 1428 ;
341 1359 486 1418 coelicolae
500 1360 629 1418 medium
643 1379 731 1436 quem
743 1359 782 1416 sd
796 1359 897 1416 limine
909 1356 1032 1417 ducunt.

231 1453 353 1511 Interea
365 1455 470 1512 Rutuli
484 1456 577 1532 portis
590 1455 704 1512 circum
716 1454 853 1513 omnibus
870 1454 980 1511 instem

192 1547 334 1604 Sternere
348 1547 431 1604 caede
444 1549 535 1618 viros,
552 1557 582 1604 et
596 1547 707 1605 moenis
719 1547 843 1624 cingere
855 1546 991 1605 flammis.

191 1639 233 1697 At
245 1639 325 1718 legio
338 1640 514 1697 AEneedilm
529 1640 615 1698 vallis
628 1641 754 1698 obsessa
766 1648 886 1697 tenetur
898 1657 907 1695 t

191 1733 260 1793 Nec
273 1755 343 1812 spes
357 1736 417 1793 ulle
431 1735 520 1814 sugae.
560 1735 667 1793 Miseri
681 1744 760 1793 stant
773 1736 904 1792 turribus
917 1731 987 1792 altis

192 1827 413 1904 Nequidquam,
429 1839 459 1886 et
474 1827 545 1887 reri
558 1848 658 1887 muros
671 1826 794 1887 cinxere
807 1826 930 1887 cornui.

192 1920 286 1980 Asius
300 1921 492 1993 Imbrasides,
509 1922 767 1998 Hicetaoniusque
780 1921 966 1998 Tbymoetes,

192 2014 394 2090 Aenarumque
407 2015 477 2086 duo,
493 2025 522 2072 et
536 2017 636 2073 senior
650 2036 717 2073 cum
732 2014 861 2074 Castore
873 2013 1046 2091 lbymbtis,

191 2105 293 2165 Prima
307 2109 398 2166 ecies.
441 2107 510 2166 Hos
523 2110 658 2187 germani
673 2108 853 2186 Sarpedonis
867 2109 965 2180 ambo,

192 2200 233 2258 Et
248 2200 370 2273 Clarus,
387 2210 416 2260 et
429 2202 576 2273 lbemou,
591 2201 690 2279 Lycii
702 2202 881 2260 comitantur
892 2204 931 2258 sb
944 2199 1017 2260 ulti.

191 2292 265 2350 Fert
280 2295 386 2371 ingens
398 2304 461 2353 toto
476 2296 621 2353 connixus
634 2314 760 2372 corpore
774 2313 889 2364 sexum,

191 2384 283 2443 Haud
300 2397 414 2462 partem
428 2389 567 2465 exiguam
580 2389 696 2459 montis,
711 2388 893 2464 Lyrnessius
906 2388 1033 2459 Acmon,

191 2478 258 2536 Nec
273 2477 373 2555 Clytio
387 2482 522 2557 genitore
536 2482 641 2552 minor,
658 2501 714 2540 nec
728 2480 820 2539 fratre
833 2482 1022 2541 Menestheo.

191 2568 236 2628 Hi
245 2571 365 2646 jaculis,
382 2573 423 2629 illi
437 2583 552 2630 certant
565 2574 726 2632 defendere
746 2575 837 2645 suxis,

190 2661 350 2739 Molirique
365 2665 474 2741 ignem,
491 2685 643 2742 nervoque
658 2676 762 2743 aptare
775 2668 911 2744 sagittus.

191 2755 260 2832 Ipse
275 2757 487 2829 intermedius,
503 2758 632 2816 Veneris
641 2760 806 2836 justissime
820 2779 904 2831 curs,

190 2849 363 2907 Dardanius
376 2860 476 2928 ceput,
493 2870 577 2922 ecce,
595 2872 669 2929 puer
682 2853 817 2911 detectus
835 2853 1002 2926 honestum,

191 2941 297 3008 Qualis
310 2963 437 3021 gemma,
453 2945 553 3015 micat,
569 2945 680 3003 fulvum
694 2966 760 3022 quae
775 2945 876 3003 dividit
890 2965 1006 3019 nurum,

190 3036 251 3092 Aut
267 3037 343 3093 collo
358 3037 460 3108 decus,
477 3047 526 3095 eut
540 3040 629 3115 capiti
644 3057 652 3106 ;
677 3040 723 3096 vel
738 3040 826 3115 quale
840 3059 894 3116 per
907 3049 1004 3098 artem

191 3127 342 3187 Inclusum
357 3132 446 3201 buxo,
462 3141 513 3188 eut
529 3130 634 3190 Oricia
647 3133 824 3203 terebintho,

190 3221 288 3279 Lucet
302 3224 396 3279 ebur:
419 3224 501 3281 fusos
515 3226 617 3282 cervix
630 3226 679 3282 cui
693 3226 791 3282 lactes
805 3226 904 3283 crines

189 3316 318 3391 Accipit,
335 3325 369 3372 et·
377 3318 457 3376 molli
471 3321 651 3376 subnectens
665 3320 796 3377 circulus
810 3340 893 3378 auro.

189 3407 235 3464 Te
251 3428 368 3484 quoque
383 3412 579 3487 magnenimae
594 3413 740 3482 viderunt,
757 3412 883 3483 lemare,
898 3421 1006 3490 gentes

188 3499 324 3558 Vulnere
337 3501 477 3580 dirigere,
493 3513 522 3560 et
537 3505 669 3562 calamos
683 3525 800 3562 urmsre
814 3525 940 3577 veneno,
1115 3505 1172 3566 lto

188 3595 330 3667 Maeonii,
347 3617 505 3675 generose,
522 3599 628 3669 dom03
654 3600 705 3657 ubi
719 3600 840 3678 pinguia
854 3600 936 3659 culte

189 3688 400 3768 Exercentque
415 3695 481 3766 viri,
497 3695 696 3772 Pactolonque
711 3697 814 3773 irriget
829 3715 913 3754 auro.

188 3784 281 3841 Affuit
296 3792 324 3842 et
338 3785 525 3858 Mnestheus,
543 3807 630 3865 quem
645 3789 720 3866 pulsi
736 3789 859 3866 pristine
871 3788 968 3847 Turni

189 3877 311 3954 Aggere
326 3898 476 3938 murorum
490 3882 644 3939 sublimem
658 3882 753 3959 glorie
767 3883 841 3938 tollit
855 3901 862 3937 ι

189 3968 228 4026 Et
243 3969 345 4047 Capys
359 3992 366 4040 ;
391 3973 460 4031 hinc
474 3994 580 4032 nomen
596 3974 757 4052 Campanae
773 3975 892 4032 ducitur
905 3973 980 4034 urbi.
1114 3973 1169 4035 115
1184 4050 1189 4058 .

228 4061 274 4119 Illi
288 4065 364 4123 inter
377 4086 445 4125 sese
459 4067 527 4124 duri
542 4069 705 4125 certamina
719 4068 788 4125 belli

189 4153 385 4217 contulerant
399 4180 407 4229 ;
431 4158 530 4218 medii
544 4159 659 4217 AEnees
672 4161 750 4219 freta
764 4170 851 4218 nocte
866 4161 1000 4220 secubat.
