2692 5122
514 811 687 859 AEttmnos
707 813 776 860 ΗΒ.
790 812 820 860 V.

176 947 283 1008 Genua
295 947 398 1006 labant
413 966 421 1018 3
443 957 544 1007 vastos
559 951 653 1026 quatit
667 971 748 1029 aeger
762 952 910 1010 anhelitus
924 959 1017 1011 artus.

175 1040 270 1103 Multa
285 1041 340 1099 viri
354 1042 554 1119 nequidquam
568 1044 645 1101 inter
658 1063 691 1101 se
708 1046 831 1103 vulnera
851 1046 976 1120 jactant,

175 1135 271 1194 Multa
284 1154 360 1192 cavo
374 1135 461 1193 lateri
474 1137 667 1214 ingeminant,
684 1147 714 1195 et
728 1148 848 1214 pectore
863 1147 962 1196 vastos

175 1227 256 1286 Dant
270 1228 384 1285 sonitus
400 1247 408 1297 ;
432 1239 572 1305 erratque
587 1249 676 1287 aures
691 1238 720 1287 et
734 1241 867 1307 tempora
881 1231 995 1289 circum
1101 1231 1159 1289 435

177 1320 296 1382 Crebra
309 1340 414 1379 manus
428 1340 436 1391 ;
459 1322 533 1380 duro
546 1323 693 1400 crepitant
708 1325 762 1381 sub
778 1324 899 1381 vulnere
913 1323 1008 1382 malas.

177 1415 238 1472 Stat
252 1414 355 1492 gravis
368 1413 517 1486 Entellus,
533 1415 661 1491 unuque
675 1416 813 1473 immotus
827 1415 941 1487 eodem,

178 1506 313 1584 Corpore
327 1507 388 1565 tela
401 1508 487 1565 modb
504 1516 591 1584 atque
606 1510 701 1567 oculis
716 1510 907 1587 vigilantibus
920 1509 989 1568 exit.

177 1600 242 1671 Ille,
260 1601 341 1658 velut
358 1600 470 1659 celsam
484 1610 633 1679 oppugnat
648 1603 698 1678 qui
711 1604 838 1659 molibus
853 1603 967 1673 urbem,

177 1693 237 1751 Aut
255 1700 396 1750 montana
409 1694 493 1751 sedet
508 1694 622 1751 circum
636 1696 761 1752 castella
776 1696 831 1752 suh
845 1694 945 1765 armis,
1104 1694 1163 1752 440

177 1787 205 1845 N
209 1805 267 1845 unc
282 1787 347 1858 hos,
362 1806 442 1845 nunc
456 1788 522 1845 illos
536 1788 643 1859 aditus,
660 1807 835 1864 omnemque
851 1795 984 1866 pererrat

109 1871 116 1890 “
178 1881 252 1938 Arte
274 1881 382 1951 locum,
399 1888 429 1938 et
443 1881 534 1938 variis
548 1881 710 1939 assultibus
723 1882 824 1939 irritus
839 1890 935 1958 urget.

180 1969 317 2032 Ostendit
332 1973 465 2031 dextram
479 1974 638 2052 insurgens
656 1974 804 2044 Entellus,
821 1982 851 2032 et
865 1973 925 2033 alte

178 2064 292 2124 Extulit
309 2085 317 2135 ;
341 2067 390 2124 ille
410 2066 499 2124 ictum
513 2068 680 2125 venientem
694 2087 712 2125 a
726 2068 836 2126 vertice
852 2068 938 2126 velox

140 2213 145 2223 ,
178 2157 330 2230 Praevidit‚
347 2159 497 2235 celerique
511 2160 631 2237 elapsus
645 2180 769 2237 corpora
784 2161 885 2218 cessit.
1104 2159 1163 2217 445

179 2251 317 2310 Entellus
333 2251 413 2309 vires
433 2252 462 2309 in
476 2261 597 2310 ventum
610 2253 723 2324 effudit,
741 2263 769 2310 et
784 2254 861 2310 ultro

180 2343 248 2422 lpse
263 2345 365 2422 gravis
379 2346 570 2422 graviterque
585 2345 622 2403 ad
636 2354 747 2403 terram
761 2346 891 2422 pondero
905 2354 989 2404 vasto

181 2436 341 2497 Concidit:
364 2447 395 2496 ut
411 2437 560 2514 quondam
573 2457 649 2495 cava
662 2438 801 2508 concidit,
818 2448 869 2495 aut
887 2436 1083 2515 Erymantho,

181 2532 241 2589 Aut
259 2531 357 2588 latin
372 2529 494 2609 magnai,
510 2530 661 2588 radicibus
675 2543 760 2587 eruta
774 2531 870 2606 pinus.

181 2622 376 2702 Consurgunt
390 2623 495 2682 studiis
509 2623 623 2680 Teucri
637 2632 666 2681 et
679 2624 837 2681 Trinacria
852 2625 946 2701 pubes
959 2642 968 2693 ;
1109 2622 1168 2680 450

182 2715 209 2775 It
221 2717 335 2775 clamor
348 2716 425 2775 coelo
441 2736 448 2785 3
473 2716 642 2793 primusque
658 2717 786 2774 accurrit
800 2717 939 2787 Acestes,

180 2809 422 2886 AEquaevumque
438 2811 474 2866 ab
489 2811 577 2866 humo
594 2809 737 2866 miserans
753 2810 857 2867 attollit
873 2810 1008 2868 amicum.

182 2904 231 2973 At,
248 2922 306 2960 non
321 2902 455 2959 tardatus
470 2922 541 2960 casu
557 2921 654 2980 neque
669 2903 799 2973 territus,
816 2902 904 2961 heros

182 2997 291 3055 Acrior
305 2997 343 3054 ad
358 3016 485 3074 pugnam
500 2998 586 3068 redit,
603 3016 639 3054 ac
654 2997 711 3054 vim
726 2998 849 3060 suscitat
868 2998 934 3067 irn;

183 3089 260 3149 Tum
278 3090 373 3167 pudor
387 3090 515 3148 incendit
530 3091 619 3161 vires,
636 3100 665 3147 ct
679 3091 800 3148 conscia
815 3092 929 3148 virtus:
1109 3088 1167 3146 455

183 3182 430 3259 Praecipitemque
444 3184 549 3241 Daren
564 3183 670 3240 ardens
685 3184 746 3260 agit
761 3203 881 3259 aequore
895 3192 967 3254 toto,

183 3276 274 3334 Nunc
287 3274 393 3333 dextrai
406 3277 592 3355 ingeminans
606 3277 693 3346 ictuc,
710 3297 788 3334 nunc
803 3277 852 3333 ille
867 3273 996 3334 sinistri.

183 3369 212 3427 N
214 3389 250 3427 ec
266 3388 358 3440 mora,
374 3388 431 3427 nec
445 3370 574 3445 requies.
618 3369 719 3435 Quam
733 3368 827 3425 multia
840 3367 985 3445 grandine
999 3363 1090 3424 nimbi

186 3462 374 3523 Culminibus
388 3462 533 3539 crepitant
547 3481 554 3530 ;
579 3462 623 3519 sic
637 3461 737 3519 densis
752 3461 859 3517 ictibus
872 3460 961 3515 heros

185 3554 304 3616 Creber
318 3553 444 3631 utrique
459 3574 547 3611 manu
563 3554 658 3630 pulsat
674 3565 832 3628 versatque
847 3552 971 3610 Dareta.
1112 3550 1171 3606 460

222 3648 302 3706 Tum
316 3656 400 3725 pater
413 3648 533 3705 AEneas
548 3645 709 3722 procedere
724 3645 841 3722 longihs
855 3645 926 3714 iras,

185 3743 225 3801 Et
240 3742 346 3801 saevire
362 3742 466 3798 animis
479 3740 631 3797 Entellum
646 3740 724 3797 haud
740 3758 844 3817 passus
859 3738 976 3797 acerbis
989 3758 999 3810 ;

187 3836 245 3894 Sed
263 3836 352 3893 finem
366 3835 502 3912 imposuit
520 3853 637 3911 pugnae,
654 3833 823 3909 sessumque
837 3833 954 3899 Dareta

185 3927 315 4004 Eripuit,
330 3927 465 3984 mulcens
479 3926 564 3984 dictis
579 3946 586 3994 ;
611 3945 646 3984 ao
660 3927 731 3984 talia
745 3926 843 3983 satur:

91 4018 314 4108 “Nlnfelixl
337 4029 502 4095 quatrata
521 4019 926 4096 animumdementiacepit!
1112 4017 1171 4075 465

187 4101 349 4172 Noir'vires
368 4110 453 4184 alias,
469 4102 674 4190 conversaque
688 4112 819 4182 numina,
836 4102 953 4169 sentis?

189 4205 273 4265 Cede
288 4206 353 4263 deo.
396 4206 549 4282 Dixitque,
566 4214 595 4263 et
609 4206 714 4282 proelia
729 4224 802 4263 voce
817 4203 947 4262 diremit.

188 4298 244 4357 Ast
258 4299 340 4357 illum
355 4299 404 4356 fidi
419 4300 560 4375 aequales,
576 4318 676 4377 genua
691 4317 771 4376 aegra
785 4297 961 4367 trahentem,

188 4392 418 4469 Jactantemque
434 4393 558 4469 utrdque
574 4405 673 4469 caput,
690 4410 883 4467 crassumque
898 4406 1036 4448 cruorem

189 4485 252 4544 Ore
267 4487 455 4562 ejectantem,
471 4486 635 4562 mixtosque
651 4485 839 4561 insanguine
854 4483 968 4553 dentes,
1112 4482 1172 4540 470

188 4577 314 4639 Ducunt
328 4580 366 4638 ad
384 4598 494 4638 naves:
516 4580 694 4658 galeamque
708 4596 870 4653 ensemque
885 4574 982 4634 vocati

828 4686 856 4724 w
