<?xml version="1.0" encoding="UTF-8"?>
<!DOCTYPE html PUBLIC "-//W3C//DTD XHTML 1.0 Transitional//EN"
    "http://www.w3.org/TR/xhtml1/DTD/xhtml1-transitional.dtd">
<html xmlns="http://www.w3.org/1999/xhtml" xml:lang="en" lang="en">
 <head>
  <title>
</title>
<meta http-equiv="Content-Type" content="text/html;charset=utf-8" />
  <meta name='ocr-system' content='tesseract 3.04.00' />
  <meta name='ocr-capabilities' content='ocr_page ocr_carea ocr_par ocr_line ocrx_word'/>
</head>
<body>
  <div class='ocr_page' id='page_1' title='image "./pvirgiliimaroni00bowegoog/pvirgiliimaroni00bowegoog_0208.png"; bbox 0 0 2692 5122; ppageno 0'>
   <div class='ocr_carea' id='block_1_1' title="bbox 500 763 831 812">
    <p class='ocr_par' dir='ltr' id='par_1_1' title="bbox 500 763 831 812">
     <span class='ocr_line' id='line_1_1' title="bbox 500 763 831 812; baseline -0.003 0"><span class='ocrx_word' id='word_1_1' title='bbox 500 763 677 812; x_wconf 78' lang='lat' dir='ltr'>AENEIDOS</span> <span class='ocrx_word' id='word_1_2' title='bbox 697 763 831 811; x_wconf 78' lang='lat' dir='ltr'>LIB.V1.</span> 
     </span>
    </p>
   </div>
   <div class='ocr_carea' id='block_1_2' title="bbox 174 902 1164 3231">
    <p class='ocr_par' dir='ltr' id='par_1_2' title="bbox 176 902 895 983">
     <span class='ocr_line' id='line_1_2' title="bbox 176 902 895 983; baseline -0.01 -17"><span class='ocrx_word' id='word_1_3' title='bbox 176 905 242 966; x_wconf 85' lang='lat' dir='ltr'>Nou</span> <span class='ocrx_word' id='word_1_4' title='bbox 256 905 349 964; x_wconf 87' lang='lat' dir='ltr'>ullum</span> <span class='ocrx_word' id='word_1_5' title='bbox 364 924 417 983; x_wconf 91' lang='lat' dir='ltr'>pro</span> <span class='ocrx_word' id='word_1_6' title='bbox 431 923 478 961; x_wconf 84' lang='lat' dir='ltr'>me</span> <span class='ocrx_word' id='word_1_7' title='bbox 491 911 607 961; x_wconf 86' lang='lat' dir='ltr'>tautum</span> <span class='ocrx_word' id='word_1_8' title='bbox 618 904 735 980; x_wconf 79' lang='lat' dir='ltr'>cepisse</span> <span class='ocrx_word' id='word_1_9' title='bbox 748 902 895 974; x_wconf 90' lang='lat' dir='ltr'>timorem,</span> 
     </span>
    </p>

    <p class='ocr_par' dir='ltr' id='par_1_3' title="bbox 177 999 974 1078">
     <span class='ocr_line' id='line_1_3' title="bbox 177 999 974 1078; baseline -0.003 -18"><span class='ocrx_word' id='word_1_10' title='bbox 177 1002 274 1068; x_wconf 72' lang='lat' dir='ltr'>Quam</span> <span class='ocrx_word' id='word_1_11' title='bbox 288 1010 342 1059; x_wconf 90' lang='lat' dir='ltr'>tua</span> <span class='ocrx_word' id='word_1_12' title='bbox 356 1019 404 1071; x_wconf 91' lang='lat' dir='ltr'>ne,</span> <span class='ocrx_word' id='word_1_13' title='bbox 421 1001 546 1078; x_wconf 88' lang='lat' dir='ltr'>spoliata</span> <span class='ocrx_word' id='word_1_14' title='bbox 560 1001 662 1071; x_wconf 88' lang='lat' dir='ltr'>armis,</span> <span class='ocrx_word' id='word_1_15' title='bbox 679 1019 805 1057; x_wconf 82' lang='lat' dir='ltr'>excussa</span> <span class='ocrx_word' id='word_1_16' title='bbox 820 999 974 1077; x_wconf 84' lang='lat' dir='ltr'>magistro,</span> 
     </span>
    </p>

    <p class='ocr_par' dir='ltr' id='par_1_4' title="bbox 175 1093 836 1172">
     <span class='ocr_line' id='line_1_4' title="bbox 175 1093 836 1172; baseline -0.005 -19"><span class='ocrx_word' id='word_1_17' title='bbox 175 1094 328 1153; x_wconf 86' lang='lat' dir='ltr'>Deficeret</span> <span class='ocrx_word' id='word_1_18' title='bbox 342 1095 432 1152; x_wconf 90' lang='lat' dir='ltr'>tantis</span> <span class='ocrx_word' id='word_1_19' title='bbox 446 1095 530 1152; x_wconf 90' lang='lat' dir='ltr'>navis</span> <span class='ocrx_word' id='word_1_20' title='bbox 545 1093 736 1172; x_wconf 75' lang='lat' dir='ltr'>surgentibus</span> <span class='ocrx_word' id='word_1_21' title='bbox 750 1093 836 1150; x_wconf 90' lang='lat' dir='ltr'>undis</span> 
     </span>
    </p>

    <p class='ocr_par' dir='ltr' id='par_1_5' title="bbox 175 1186 1163 1359">
     <span class='ocr_line' id='line_1_5' title="bbox 175 1186 1163 1264; baseline 0 -18"><span class='ocrx_word' id='word_1_22' title='bbox 175 1186 251 1246; x_wconf 80' lang='lat' dir='ltr'>&#39;l&#39;res</span> <span class='ocrx_word' id='word_1_23' title='bbox 265 1190 364 1246; x_wconf 90' lang='lat' dir='ltr'>Notus</span> <span class='ocrx_word' id='word_1_24' title='bbox 378 1189 518 1247; x_wconf 83' lang='lat' dir='ltr'>hibernas</span> <span class='ocrx_word' id='word_1_25' title='bbox 532 1189 677 1245; x_wconf 90' lang='lat' dir='ltr'>immensa</span> <span class='ocrx_word' id='word_1_26' title='bbox 691 1207 744 1264; x_wconf 89' lang='lat' dir='ltr'>per</span> <span class='ocrx_word' id='word_1_27' title='bbox 758 1206 880 1263; x_wconf 79' lang='lat' dir='ltr'>oequora</span> <span class='ocrx_word' id='word_1_28' title='bbox 894 1195 999 1246; x_wconf 90' lang='lat' dir='ltr'>noctes</span> <span class='ocrx_word' id='word_1_29' title='bbox 1103 1187 1163 1246; x_wconf 75' lang='lat'>355</span> 
     </span>
     <span class='ocr_line' id='line_1_6' title="bbox 176 1281 917 1359; baseline 0.004 -21"><span class='ocrx_word' id='word_1_30' title='bbox 176 1282 264 1340; x_wconf 86' lang='lat' dir='ltr'>Vexit</span> <span class='ocrx_word' id='word_1_31' title='bbox 278 1302 325 1340; x_wconf 92' lang='lat' dir='ltr'>me</span> <span class='ocrx_word' id='word_1_32' title='bbox 341 1283 486 1341; x_wconf 87' lang='lat' dir='ltr'>violentus</span> <span class='ocrx_word' id='word_1_33' title='bbox 501 1281 600 1359; x_wconf 76' lang='lat' dir='ltr'>aqud:</span> <span class='ocrx_word' id='word_1_34' title='bbox 624 1283 671 1341; x_wconf 90' lang='lat' dir='ltr'>vix</span> <span class='ocrx_word' id='word_1_35' title='bbox 686 1282 795 1340; x_wconf 89' lang='lat' dir='ltr'>lumine</span> <span class='ocrx_word' id='word_1_36' title='bbox 811 1290 917 1357; x_wconf 89' lang='lat' dir='ltr'>quarto</span> 
     </span>
    </p>

    <p class='ocr_par' dir='ltr' id='par_1_6' title="bbox 176 1373 899 1452">
     <span class='ocr_line' id='line_1_7' title="bbox 176 1373 899 1452; baseline 0 -18"><span class='ocrx_word' id='word_1_37' title='bbox 176 1374 320 1452; x_wconf 86' lang='lat' dir='ltr'>Prospexi</span> <span class='ocrx_word' id='word_1_38' title='bbox 335 1376 460 1447; x_wconf 87' lang='lat' dir='ltr'>Italiam,</span> <span class='ocrx_word' id='word_1_39' title='bbox 477 1374 593 1434; x_wconf 73' lang='lat' dir='ltr'>summit</span> <span class='ocrx_word' id='word_1_40' title='bbox 607 1376 741 1434; x_wconf 87' lang='lat' dir='ltr'>sublimis</span> <span class='ocrx_word' id='word_1_41' title='bbox 756 1377 793 1434; x_wconf 89' lang='lat' dir='ltr'>ab</span> <span class='ocrx_word' id='word_1_42' title='bbox 808 1373 899 1434; x_wconf 77' lang='lat' dir='ltr'>undd.</span> 
     </span>
    </p>

    <p class='ocr_par' dir='ltr' id='par_1_7' title="bbox 176 1468 941 1545">
     <span class='ocr_line' id='line_1_8' title="bbox 176 1468 941 1545; baseline -0.003 -18"><span class='ocrx_word' id='word_1_43' title='bbox 176 1468 322 1527; x_wconf 77' lang='lat' dir='ltr'><strong>Paulatim</strong></span> <span class='ocrx_word' id='word_1_44' title='bbox 337 1469 483 1527; x_wconf 77' lang='lat' dir='ltr'><strong>adnabam</strong></span> <span class='ocrx_word' id='word_1_45' title='bbox 497 1479 605 1528; x_wconf 78' lang='lat' dir='ltr'>terras:</span> <span class='ocrx_word' id='word_1_46' title='bbox 625 1470 686 1545; x_wconf 91' lang='lat' dir='ltr'>jam</span> <span class='ocrx_word' id='word_1_47' title='bbox 701 1478 766 1526; x_wconf 91' lang='lat' dir='ltr'>tuta</span> <span class='ocrx_word' id='word_1_48' title='bbox 778 1470 918 1526; x_wconf 82' lang='lat' dir='ltr'><strong>tenebam</strong></span> <span class='ocrx_word' id='word_1_49' title='bbox 933 1487 941 1538; x_wconf 93' lang='lat'>;</span> 
     </span>
    </p>

    <p class='ocr_par' dir='ltr' id='par_1_8' title="bbox 176 1562 1164 1827">
     <span class='ocr_line' id='line_1_9' title="bbox 178 1562 943 1640; baseline -0.001 -21"><span class='ocrx_word' id='word_1_50' title='bbox 178 1562 214 1620; x_wconf 92' lang='lat' dir='ltr'>Ni</span> <span class='ocrx_word' id='word_1_51' title='bbox 228 1582 304 1640; x_wconf 84' lang='lat' dir='ltr'>gens</span> <span class='ocrx_word' id='word_1_52' title='bbox 318 1562 447 1620; x_wconf 88' lang='lat' dir='ltr'>crudelis</span> <span class='ocrx_word' id='word_1_53' title='bbox 462 1562 581 1620; x_wconf 77' lang='lat' dir='ltr'>madidd</span> <span class='ocrx_word' id='word_1_54' title='bbox 596 1582 664 1621; x_wconf 91' lang='lat' dir='ltr'>cum</span> <span class='ocrx_word' id='word_1_55' title='bbox 679 1569 760 1620; x_wconf 88' lang='lat' dir='ltr'>veste</span> <span class='ocrx_word' id='word_1_56' title='bbox 775 1569 943 1639; x_wconf 85' lang='lat' dir='ltr'>gravatum,</span> 
     </span>
     <span class='ocr_line' id='line_1_10' title="bbox 176 1653 1164 1732; baseline -0.003 -18"><span class='ocrx_word' id='word_1_57' title='bbox 176 1655 432 1732; x_wconf 85' lang='lat' dir='ltr'>Prensantemque</span> <span class='ocrx_word' id='word_1_58' title='bbox 447 1658 533 1714; x_wconf 90' lang='lat' dir='ltr'>uncis</span> <span class='ocrx_word' id='word_1_59' title='bbox 546 1657 683 1715; x_wconf 89' lang='lat' dir='ltr'>manibus</span> <span class='ocrx_word' id='word_1_60' title='bbox 697 1657 796 1732; x_wconf 90' lang='lat' dir='ltr'>capita</span> <span class='ocrx_word' id='word_1_61' title='bbox 811 1653 1050 1732; x_wconf 63' lang='lat' dir='ltr'>asperemound,</span> <span class='ocrx_word' id='word_1_62' title='bbox 1105 1654 1164 1712; x_wconf 79' lang='lat'>³60</span> 
     </span>
     <span class='ocr_line' id='line_1_11' title="bbox 177 1747 941 1827; baseline -0.003 -20"><span class='ocrx_word' id='word_1_63' title='bbox 177 1748 272 1807; x_wconf 77' lang='lat' dir='ltr'>Ferro</span> <span class='ocrx_word' id='word_1_64' title='bbox 287 1750 454 1819; x_wconf 88' lang='lat' dir='ltr'>invasisset,</span> <span class='ocrx_word' id='word_1_65' title='bbox 471 1750 660 1826; x_wconf 73' lang='lat' dir='ltr'>praedamque</span> <span class='ocrx_word' id='word_1_66' title='bbox 676 1751 783 1827; x_wconf 87' lang='lat' dir='ltr'>ignara</span> <span class='ocrx_word' id='word_1_67' title='bbox 796 1747 941 1825; x_wconf 74' lang='lat' dir='ltr'>putdsset.</span> 
     </span>
    </p>

    <p class='ocr_par' dir='ltr' id='par_1_9' title="bbox 178 1841 1024 1919">
     <span class='ocr_line' id='line_1_12' title="bbox 178 1841 1024 1919; baseline 0 -19"><span class='ocrx_word' id='word_1_68' title='bbox 178 1841 265 1900; x_wconf 88' lang='lat' dir='ltr'>Nunc</span> <span class='ocrx_word' id='word_1_69' title='bbox 279 1862 326 1899; x_wconf 91' lang='lat' dir='ltr'>me</span> <span class='ocrx_word' id='word_1_70' title='bbox 341 1842 449 1899; x_wconf 87' lang='lat' dir='ltr'>fluctus</span> <span class='ocrx_word' id='word_1_71' title='bbox 464 1843 564 1914; x_wconf 90' lang='lat' dir='ltr'>babet,</span> <span class='ocrx_word' id='word_1_72' title='bbox 583 1852 762 1919; x_wconf 83' lang='lat' dir='ltr'>versantque</span> <span class='ocrx_word' id='word_1_73' title='bbox 777 1843 807 1899; x_wconf 94' lang='lat' dir='ltr'>in</span> <span class='ocrx_word' id='word_1_74' title='bbox 822 1843 920 1899; x_wconf 83' lang='lat' dir='ltr'>littore</span> <span class='ocrx_word' id='word_1_75' title='bbox 935 1841 1024 1901; x_wconf 87' lang='lat' dir='ltr'>venti.</span> 
     </span>
    </p>

    <p class='ocr_par' dir='ltr' id='par_1_10' title="bbox 179 1935 929 2012">
     <span class='ocr_line' id='line_1_13' title="bbox 179 1935 929 2012; baseline -0.001 -19"><span class='ocrx_word' id='word_1_76' title='bbox 179 1935 267 2002; x_wconf 82' lang='lat' dir='ltr'>Qudd</span> <span class='ocrx_word' id='word_1_77' title='bbox 281 1944 310 1992; x_wconf 92' lang='lat' dir='ltr'>te</span> <span class='ocrx_word' id='word_1_78' title='bbox 325 1955 379 2012; x_wconf 89' lang='lat' dir='ltr'>per</span> <span class='ocrx_word' id='word_1_79' title='bbox 392 1937 460 1994; x_wconf 85' lang='lat' dir='ltr'>coeli</span> <span class='ocrx_word' id='word_1_80' title='bbox 478 1937 642 2012; x_wconf 92' lang='lat' dir='ltr'>jucundum</span> <span class='ocrx_word' id='word_1_81' title='bbox 656 1937 813 2007; x_wconf 77' lang='lat' dir='ltr'>lumen,‚et</span> <span class='ocrx_word' id='word_1_82' title='bbox 829 1955 929 2006; x_wconf 91' lang='lat' dir='ltr'>auras,</span> 
     </span>
    </p>

    <p class='ocr_par' dir='ltr' id='par_1_11' title="bbox 177 2028 903 2108">
     <span class='ocr_line' id='line_1_14' title="bbox 177 2028 903 2108; baseline 0.001 -23"><span class='ocrx_word' id='word_1_83' title='bbox 177 2028 235 2086; x_wconf 88' lang='lat' dir='ltr'>Per</span> <span class='ocrx_word' id='word_1_84' title='bbox 248 2029 425 2106; x_wconf 80' lang='lat' dir='ltr'>genitorem,</span> <span class='ocrx_word' id='word_1_85' title='bbox 441 2050 503 2100; x_wconf 89' lang='lat' dir='ltr'>oro,</span> <span class='ocrx_word' id='word_1_86' title='bbox 519 2050 572 2107; x_wconf 89' lang='lat' dir='ltr'>per</span> <span class='ocrx_word' id='word_1_87' title='bbox 585 2050 654 2107; x_wconf 90' lang='lat' dir='ltr'>spes</span> <span class='ocrx_word' id='word_1_88' title='bbox 668 2029 820 2108; x_wconf 87' lang='lat' dir='ltr'>surgentis</span> <span class='ocrx_word' id='word_1_89' title='bbox 835 2029 903 2100; x_wconf 86' lang='lat' dir='ltr'>Iuli,</span> 
     </span>
    </p>

    <p class='ocr_par' dir='ltr' id='par_1_12' title="bbox 174 2121 1164 2294">
     <span class='ocr_line' id='line_1_15' title="bbox 174 2121 1164 2199; baseline -0.002 -18"><span class='ocrx_word' id='word_1_90' title='bbox 174 2121 267 2199; x_wconf 74' lang='lat' dir='ltr'>Eripe</span> <span class='ocrx_word' id='word_1_91' title='bbox 282 2141 329 2180; x_wconf 89' lang='lat' dir='ltr'>me</span> <span class='ocrx_word' id='word_1_92' title='bbox 344 2122 400 2193; x_wconf 90' lang='lat' dir='ltr'>bis,</span> <span class='ocrx_word' id='word_1_93' title='bbox 417 2123 536 2194; x_wconf 88' lang='lat' dir='ltr'>invicte,</span> <span class='ocrx_word' id='word_1_94' title='bbox 553 2124 658 2181; x_wconf 85' lang='lat' dir='ltr'>malis:</span> <span class='ocrx_word' id='word_1_95' title='bbox 682 2133 733 2182; x_wconf 90' lang='lat' dir='ltr'>aut</span> <span class='ocrx_word' id='word_1_96' title='bbox 747 2133 778 2181; x_wconf 91' lang='lat' dir='ltr'>tu</span> <span class='ocrx_word' id='word_1_97' title='bbox 794 2123 865 2180; x_wconf 90' lang='lat' dir='ltr'>mibi</span> <span class='ocrx_word' id='word_1_98' title='bbox 878 2131 990 2181; x_wconf 87' lang='lat' dir='ltr'>terram</span> <span class='ocrx_word' id='word_1_99' title='bbox 1104 2122 1164 2180; x_wconf 76' lang='lat'>86⁶</span> 
     </span>
     <span class='ocr_line' id='line_1_16' title="bbox 178 2214 1009 2294; baseline 0.001 -21"><span class='ocrx_word' id='word_1_100' title='bbox 178 2214 281 2291; x_wconf 85' lang='lat' dir='ltr'>Injice,</span> <span class='ocrx_word' id='word_1_101' title='bbox 297 2235 426 2292; x_wconf 88' lang='lat' dir='ltr'>namque</span> <span class='ocrx_word' id='word_1_102' title='bbox 441 2226 535 2293; x_wconf 88' lang='lat' dir='ltr'>potes,</span> <span class='ocrx_word' id='word_1_103' title='bbox 552 2226 713 2294; x_wconf 83' lang='lat' dir='ltr'>portusque</span> <span class='ocrx_word' id='word_1_104' title='bbox 729 2217 849 2293; x_wconf 88' lang='lat' dir='ltr'>require</span> <span class='ocrx_word' id='word_1_105' title='bbox 863 2216 1009 2274; x_wconf 88' lang='lat' dir='ltr'>Velinos:</span> 
     </span>
    </p>

    <p class='ocr_par' dir='ltr' id='par_1_13' title="bbox 178 2309 986 2386">
     <span class='ocr_line' id='line_1_17' title="bbox 178 2309 986 2386; baseline -0.004 -18"><span class='ocrx_word' id='word_1_106' title='bbox 178 2309 236 2368; x_wconf 80' lang='lat' dir='ltr'>Aut</span> <span class='ocrx_word' id='word_1_107' title='bbox 250 2317 292 2380; x_wconf 89' lang='lat' dir='ltr'>tu,</span> <span class='ocrx_word' id='word_1_108' title='bbox 309 2310 335 2367; x_wconf 91' lang='lat' dir='ltr'>si</span> <span class='ocrx_word' id='word_1_109' title='bbox 350 2329 409 2385; x_wconf 92' lang='lat' dir='ltr'>qua</span> <span class='ocrx_word' id='word_1_110' title='bbox 423 2311 471 2368; x_wconf 90' lang='lat' dir='ltr'>via</span> <span class='ocrx_word' id='word_1_111' title='bbox 485 2319 542 2381; x_wconf 88' lang='lat' dir='ltr'>est,</span> <span class='ocrx_word' id='word_1_112' title='bbox 559 2311 585 2367; x_wconf 89' lang='lat' dir='ltr'>si</span> <span class='ocrx_word' id='word_1_113' title='bbox 602 2328 690 2386; x_wconf 92' lang='lat' dir='ltr'>quam</span> <span class='ocrx_word' id='word_1_114' title='bbox 705 2310 757 2366; x_wconf 90' lang='lat' dir='ltr'>tibi</span> <span class='ocrx_word' id='word_1_115' title='bbox 771 2309 838 2368; x_wconf 88' lang='lat' dir='ltr'>diva</span> <span class='ocrx_word' id='word_1_116' title='bbox 855 2309 986 2367; x_wconf 80' lang='lat' dir='ltr'>creatrix</span> 
     </span>
    </p>

    <p class='ocr_par' dir='ltr' id='par_1_14' title="bbox 179 2400 994 2481">
     <span class='ocr_line' id='line_1_18' title="bbox 179 2400 994 2481; baseline 0 -21"><span class='ocrx_word' id='word_1_117' title='bbox 179 2400 314 2460; x_wconf 86' lang='lat' dir='ltr'>Ostendit</span> <span class='ocrx_word' id='word_1_118' title='bbox 331 2403 547 2481; x_wconf 89' lang='lat' dir='ltr'>(nequeenim,</span> <span class='ocrx_word' id='word_1_119' title='bbox 564 2403 665 2472; x_wconf 91' lang='lat' dir='ltr'>credo,</span> <span class='ocrx_word' id='word_1_120' title='bbox 681 2403 745 2459; x_wconf 90' lang='lat' dir='ltr'>sine</span> <span class='ocrx_word' id='word_1_121' title='bbox 759 2403 878 2460; x_wconf 90' lang='lat' dir='ltr'>numine</span> <span class='ocrx_word' id='word_1_122' title='bbox 894 2400 994 2460; x_wconf 81' lang='lat' dir='ltr'>divrim</span> 
     </span>
    </p>

    <p class='ocr_par' dir='ltr' id='par_1_15' title="bbox 177 2495 1022 2574">
     <span class='ocr_line' id='line_1_19' title="bbox 177 2495 1022 2574; baseline 0 -21"><span class='ocrx_word' id='word_1_123' title='bbox 177 2495 313 2554; x_wconf 84' lang='lat' dir='ltr'>Flumina</span> <span class='ocrx_word' id='word_1_124' title='bbox 327 2505 411 2554; x_wconf 89' lang='lat' dir='ltr'>tanta</span> <span class='ocrx_word' id='word_1_125' title='bbox 426 2517 515 2573; x_wconf 89' lang='lat' dir='ltr'>paras</span> <span class='ocrx_word' id='word_1_126' title='bbox 529 2497 723 2573; x_wconf 83' lang='lat' dir='ltr'>Stygiamque</span> <span class='ocrx_word' id='word_1_127' title='bbox 739 2495 843 2552; x_wconf 88' lang='lat' dir='ltr'>innare</span> <span class='ocrx_word' id='word_1_128' title='bbox 858 2495 1022 2574; x_wconf 87' lang='lat' dir='ltr'>paludem),</span> 
     </span>
    </p>

    <p class='ocr_par' dir='ltr' id='par_1_16' title="bbox 175 2588 1163 2761">
     <span class='ocr_line' id='line_1_20' title="bbox 175 2588 1163 2664; baseline 0.001 -17"><span class='ocrx_word' id='word_1_129' title='bbox 175 2588 225 2647; x_wconf 75' lang='lat' dir='ltr'>Da</span> <span class='ocrx_word' id='word_1_130' title='bbox 238 2590 372 2648; x_wconf 85' lang='lat' dir='ltr'>dextram</span> <span class='ocrx_word' id='word_1_131' title='bbox 386 2591 506 2660; x_wconf 88' lang='lat' dir='ltr'>misero,</span> <span class='ocrx_word' id='word_1_132' title='bbox 523 2600 552 2647; x_wconf 87' lang='lat' dir='ltr'>et</span> <span class='ocrx_word' id='word_1_133' title='bbox 566 2600 666 2648; x_wconf 90' lang='lat' dir='ltr'>tecum</span> <span class='ocrx_word' id='word_1_134' title='bbox 680 2608 727 2646; x_wconf 90' lang='lat' dir='ltr'>me</span> <span class='ocrx_word' id='word_1_135' title='bbox 742 2589 812 2645; x_wconf 89' lang='lat' dir='ltr'>tolle</span> <span class='ocrx_word' id='word_1_136' title='bbox 827 2607 881 2664; x_wconf 91' lang='lat' dir='ltr'>per</span> <span class='ocrx_word' id='word_1_137' title='bbox 895 2589 1000 2662; x_wconf 90' lang='lat' dir='ltr'>undas,</span> <span class='ocrx_word' id='word_1_138' title='bbox 1104 2591 1163 2648; x_wconf 79' lang='lat' dir='ltr'>ato</span> 
     </span>
     <span class='ocr_line' id='line_1_21' title="bbox 178 2682 933 2761; baseline -0.001 -20"><span class='ocrx_word' id='word_1_139' title='bbox 178 2683 302 2741; x_wconf 87' lang='lat' dir='ltr'>Sedibus</span> <span class='ocrx_word' id='word_1_140' title='bbox 318 2693 348 2741; x_wconf 94' lang='lat' dir='ltr'>ut</span> <span class='ocrx_word' id='word_1_141' title='bbox 361 2686 467 2742; x_wconf 87' lang='lat' dir='ltr'>saltem</span> <span class='ocrx_word' id='word_1_142' title='bbox 481 2685 606 2761; x_wconf 89' lang='lat' dir='ltr'>placidis</span> <span class='ocrx_word' id='word_1_143' title='bbox 621 2684 650 2741; x_wconf 92' lang='lat' dir='ltr'>in</span> <span class='ocrx_word' id='word_1_144' title='bbox 665 2691 758 2740; x_wconf 88' lang='lat' dir='ltr'>morte</span> <span class='ocrx_word' id='word_1_145' title='bbox 773 2682 933 2757; x_wconf 89' lang='lat' dir='ltr'>quiescam.</span> 
     </span>
    </p>

    <p class='ocr_par' dir='ltr' id='par_1_17' title="bbox 182 2779 902 2857">
     <span class='ocr_line' id='line_1_22' title="bbox 182 2779 902 2857; baseline -0.003 -21"><span class='ocrx_word' id='word_1_146' title='bbox 182 2779 184 2783; x_wconf 70' lang='grc'>’</span> <span class='ocrx_word' id='word_1_147' title='bbox 212 2779 303 2836; x_wconf 82' lang='lat' dir='ltr'>Talia</span> <span class='ocrx_word' id='word_1_148' title='bbox 317 2780 394 2838; x_wconf 87' lang='lat' dir='ltr'>fatus</span> <span class='ocrx_word' id='word_1_149' title='bbox 408 2789 483 2851; x_wconf 88' lang='lat' dir='ltr'>erat,</span> <span class='ocrx_word' id='word_1_150' title='bbox 500 2781 590 2857; x_wconf 84' lang='lat' dir='ltr'>coepit</span> <span class='ocrx_word' id='word_1_151' title='bbox 606 2800 696 2855; x_wconf 90' lang='lat' dir='ltr'>quum</span> <span class='ocrx_word' id='word_1_152' title='bbox 710 2780 781 2836; x_wconf 89' lang='lat' dir='ltr'>talia</span> <span class='ocrx_word' id='word_1_153' title='bbox 794 2785 880 2835; x_wconf 85' lang='lat' dir='ltr'>vates</span> <span class='ocrx_word' id='word_1_154' title='bbox 895 2797 902 2833; x_wconf 74' lang='grc' dir='ltr'><strong>ε</strong></span> 
     </span>
    </p>

    <p class='ocr_par' dir='ltr' id='par_1_18' title="bbox 177 2870 923 2948">
     <span class='ocr_line' id='line_1_23' title="bbox 177 2870 923 2948; baseline -0.003 -19"><span class='ocrx_word' id='word_1_155' title='bbox 177 2870 260 2930; x_wconf 88' lang='lat' dir='ltr'>Unde</span> <span class='ocrx_word' id='word_1_156' title='bbox 275 2873 351 2944; x_wconf 86' lang='lat' dir='ltr'>haec,</span> <span class='ocrx_word' id='word_1_157' title='bbox 368 2894 386 2931; x_wconf 97' lang='lat' dir='ltr'>o</span> <span class='ocrx_word' id='word_1_158' title='bbox 399 2874 551 2944; x_wconf 88' lang='lat' dir='ltr'>Palinure,</span> <span class='ocrx_word' id='word_1_159' title='bbox 567 2874 620 2930; x_wconf 90' lang='lat' dir='ltr'>tibi</span> <span class='ocrx_word' id='word_1_160' title='bbox 634 2882 694 2930; x_wconf 90' lang='lat' dir='ltr'>tam</span> <span class='ocrx_word' id='word_1_161' title='bbox 709 2873 773 2930; x_wconf 89' lang='lat' dir='ltr'>dira</span> <span class='ocrx_word' id='word_1_162' title='bbox 787 2871 895 2948; x_wconf 89' lang='lat' dir='ltr'>cupido</span> <span class='ocrx_word' id='word_1_163' title='bbox 912 2870 923 2927; x_wconf 87' lang='lat'>?</span> 
     </span>
    </p>

    <p class='ocr_par' dir='ltr' id='par_1_19' title="bbox 175 2965 1161 3231">
     <span class='ocr_line' id='line_1_24' title="bbox 177 2965 991 3043; baseline 0.001 -20"><span class='ocrx_word' id='word_1_164' title='bbox 177 2965 221 3023; x_wconf 93' lang='lat' dir='ltr'>Tu</span> <span class='ocrx_word' id='word_1_165' title='bbox 238 2967 358 3043; x_wconf 86' lang='lat' dir='ltr'>Stygias</span> <span class='ocrx_word' id='word_1_166' title='bbox 373 2968 540 3025; x_wconf 89' lang='lat' dir='ltr'>inhumatus</span> <span class='ocrx_word' id='word_1_167' title='bbox 554 2987 648 3043; x_wconf 87' lang='lat' dir='ltr'>aquas</span> <span class='ocrx_word' id='word_1_168' title='bbox 662 2985 838 3042; x_wconf 90' lang='lat' dir='ltr'>amnemque</span> <span class='ocrx_word' id='word_1_169' title='bbox 852 2983 991 3024; x_wconf 90' lang='lat' dir='ltr'>severum</span> 
     </span>
     <span class='ocr_line' id='line_1_25' title="bbox 175 3046 1161 3138; baseline 0.003 -22"><span class='ocrx_word' id='word_1_170' title='bbox 175 3046 372 3117; x_wconf 79' lang='lat' dir='ltr'>Eumenidum</span> <span class='ocrx_word' id='word_1_171' title='bbox 387 3061 545 3137; x_wconf 88' lang='lat' dir='ltr'>adspicies,</span> <span class='ocrx_word' id='word_1_172' title='bbox 561 3061 692 3138; x_wconf 83' lang='lat' dir='ltr'>ripamve</span> <span class='ocrx_word' id='word_1_173' title='bbox 707 3061 837 3135; x_wconf 88' lang='lat' dir='ltr'>injussus</span> <span class='ocrx_word' id='word_1_174' title='bbox 852 3059 973 3118; x_wconf 82' lang='lat' dir='ltr'>adibis?</span> <span class='ocrx_word' id='word_1_175' title='bbox 1101 3062 1161 3119; x_wconf 81' lang='grc'>375</span> 
     </span>
     <span class='ocr_line' id='line_1_26' title="bbox 176 3151 869 3231; baseline 0.006 -22"><span class='ocrx_word' id='word_1_176' title='bbox 176 3151 288 3210; x_wconf 89' lang='lat' dir='ltr'>Desine</span> <span class='ocrx_word' id='word_1_177' title='bbox 304 3154 364 3212; x_wconf 85' lang='lat' dir='ltr'>fata</span> <span class='ocrx_word' id='word_1_178' title='bbox 377 3152 464 3211; x_wconf 81' lang='lat' dir='ltr'>detim</span> <span class='ocrx_word' id='word_1_179' title='bbox 479 3155 558 3212; x_wconf 90' lang='lat' dir='ltr'>flecti</span> <span class='ocrx_word' id='word_1_180' title='bbox 572 3175 695 3231; x_wconf 90' lang='lat' dir='ltr'>sperare</span> <span class='ocrx_word' id='word_1_181' title='bbox 710 3155 869 3231; x_wconf 90' lang='lat' dir='ltr'>precando.</span> 
     </span>
    </p>
   </div>
   <div class='ocr_carea' id='block_1_3' title="bbox 174 3246 1161 3888">
    <p class='ocr_par' dir='ltr' id='par_1_20' title="bbox 178 3246 881 3324">
     <span class='ocr_line' id='line_1_27' title="bbox 178 3246 881 3324; baseline 0 -20"><span class='ocrx_word' id='word_1_182' title='bbox 178 3246 234 3303; x_wconf 89' lang='lat' dir='ltr'>Sed</span> <span class='ocrx_word' id='word_1_183' title='bbox 247 3267 323 3324; x_wconf 89' lang='lat' dir='ltr'>cape</span> <span class='ocrx_word' id='word_1_184' title='bbox 337 3248 416 3305; x_wconf 90' lang='lat' dir='ltr'>dicta</span> <span class='ocrx_word' id='word_1_185' title='bbox 431 3267 551 3317; x_wconf 89' lang='lat' dir='ltr'>memor,</span> <span class='ocrx_word' id='word_1_186' title='bbox 570 3249 636 3304; x_wconf 91' lang='lat' dir='ltr'>duri</span> <span class='ocrx_word' id='word_1_187' title='bbox 650 3249 756 3305; x_wconf 88' lang='lat' dir='ltr'>solatia</span> <span class='ocrx_word' id='word_1_188' title='bbox 770 3246 859 3306; x_wconf 78' lang='lat' dir='ltr'>casus</span> <span class='ocrx_word' id='word_1_189' title='bbox 874 3267 881 3304; x_wconf 76' lang='grc' dir='ltr'><strong>ε</strong></span> 
     </span>
    </p>

    <p class='ocr_par' dir='ltr' id='par_1_21' title="bbox 176 3341 865 3420">
     <span class='ocr_line' id='line_1_28' title="bbox 176 3341 865 3420; baseline 0 -21"><span class='ocrx_word' id='word_1_190' title='bbox 176 3341 252 3400; x_wconf 88' lang='lat' dir='ltr'>Nam</span> <span class='ocrx_word' id='word_1_191' title='bbox 266 3352 318 3401; x_wconf 90' lang='lat' dir='ltr'>tua</span> <span class='ocrx_word' id='word_1_192' title='bbox 331 3343 454 3415; x_wconf 87' lang='lat' dir='ltr'>finitimi,</span> <span class='ocrx_word' id='word_1_193' title='bbox 472 3343 558 3420; x_wconf 73' lang='lat' dir='ltr'>longe</span> <span class='ocrx_word' id='word_1_194' title='bbox 574 3343 694 3419; x_wconf 76' lang='lat' dir='ltr'>lateque</span> <span class='ocrx_word' id='word_1_195' title='bbox 707 3363 761 3420; x_wconf 88' lang='lat' dir='ltr'>per</span> <span class='ocrx_word' id='word_1_196' title='bbox 774 3345 865 3400; x_wconf 89' lang='lat' dir='ltr'>urbes</span> 
     </span>
    </p>

    <p class='ocr_par' dir='ltr' id='par_1_22' title="bbox 176 3433 841 3514">
     <span class='ocr_line' id='line_1_29' title="bbox 176 3433 841 3514; baseline 0 -22"><span class='ocrx_word' id='word_1_197' title='bbox 176 3433 322 3514; x_wconf 88' lang='lat' dir='ltr'>Prodigiis</span> <span class='ocrx_word' id='word_1_198' title='bbox 337 3438 395 3494; x_wconf 89' lang='lat' dir='ltr'>acti</span> <span class='ocrx_word' id='word_1_199' title='bbox 410 3438 594 3507; x_wconf 87' lang='lat' dir='ltr'>coelestibus,</span> <span class='ocrx_word' id='word_1_200' title='bbox 611 3453 680 3493; x_wconf 89' lang='lat' dir='ltr'>ossa</span> <span class='ocrx_word' id='word_1_201' title='bbox 698 3436 819 3512; x_wconf 90' lang='lat' dir='ltr'>piabunt</span> <span class='ocrx_word' id='word_1_202' title='bbox 834 3454 841 3503; x_wconf 89' lang='lat'><strong>;</strong></span> 
     </span>
    </p>

    <p class='ocr_par' dir='ltr' id='par_1_23' title="bbox 174 3527 1161 3698">
     <span class='ocr_line' id='line_1_30' title="bbox 174 3527 1161 3600; baseline 0.005 -15"><span class='ocrx_word' id='word_1_203' title='bbox 174 3527 213 3586; x_wconf 82' lang='lat' dir='ltr'>Et</span> <span class='ocrx_word' id='word_1_204' title='bbox 227 3538 357 3586; x_wconf 88' lang='lat' dir='ltr'>statuent</span> <span class='ocrx_word' id='word_1_205' title='bbox 370 3530 525 3599; x_wconf 91' lang='lat' dir='ltr'>tumulum,</span> <span class='ocrx_word' id='word_1_206' title='bbox 543 3539 572 3587; x_wconf 91' lang='lat' dir='ltr'>et</span> <span class='ocrx_word' id='word_1_207' title='bbox 589 3530 702 3586; x_wconf 89' lang='lat' dir='ltr'>tumulo</span> <span class='ocrx_word' id='word_1_208' title='bbox 717 3529 861 3586; x_wconf 87' lang='lat' dir='ltr'>solemnia</span> <span class='ocrx_word' id='word_1_209' title='bbox 875 3528 1010 3600; x_wconf 88' lang='lat' dir='ltr'>mitteut;</span> <span class='ocrx_word' id='word_1_210' title='bbox 1100 3533 1161 3590; x_wconf 81' lang='grc'>880</span> 
     </span>
     <span class='ocr_line' id='line_1_31' title="bbox 175 3620 908 3698; baseline 0.004 -21"><span class='ocrx_word' id='word_1_211' title='bbox 175 3620 394 3698; x_wconf 85' lang='lat' dir='ltr'>AEternumque</span> <span class='ocrx_word' id='word_1_212' title='bbox 410 3624 494 3681; x_wconf 91' lang='lat' dir='ltr'>locus</span> <span class='ocrx_word' id='word_1_213' title='bbox 508 3622 643 3679; x_wconf 91' lang='lat' dir='ltr'>Palinuri</span> <span class='ocrx_word' id='word_1_214' title='bbox 657 3641 764 3679; x_wconf 90' lang='lat' dir='ltr'>nomen</span> <span class='ocrx_word' id='word_1_215' title='bbox 778 3622 908 3680; x_wconf 88' lang='lat' dir='ltr'>habebit.</span> 
     </span>
    </p>

    <p class='ocr_par' dir='ltr' id='par_1_24' title="bbox 176 3712 912 3793">
     <span class='ocr_line' id='line_1_32' title="bbox 176 3712 912 3793; baseline 0.004 -22"><span class='ocrx_word' id='word_1_216' title='bbox 176 3712 233 3771; x_wconf 93' lang='lat' dir='ltr'>His</span> <span class='ocrx_word' id='word_1_217' title='bbox 248 3715 334 3776; x_wconf 89' lang='lat' dir='ltr'>dictis</span> <span class='ocrx_word' id='word_1_218' title='bbox 348 3736 428 3774; x_wconf 82' lang='lat' dir='ltr'>curae</span> <span class='ocrx_word' id='word_1_219' title='bbox 444 3725 560 3786; x_wconf 69' lang='lat' dir='ltr'>emotae,</span> <span class='ocrx_word' id='word_1_220' title='bbox 577 3717 739 3793; x_wconf 88' lang='lat' dir='ltr'>pulsusque</span> <span class='ocrx_word' id='word_1_221' title='bbox 755 3734 912 3792; x_wconf 90' lang='lat' dir='ltr'>parumper</span> 
     </span>
    </p>

    <p class='ocr_par' dir='ltr' id='par_1_25' title="bbox 177 3806 921 3888">
     <span class='ocr_line' id='line_1_33' title="bbox 177 3806 921 3888; baseline 0.001 -23"><span class='ocrx_word' id='word_1_222' title='bbox 177 3806 274 3866; x_wconf 89' lang='lat' dir='ltr'>Corde</span> <span class='ocrx_word' id='word_1_223' title='bbox 290 3809 373 3866; x_wconf 84' lang='lat' dir='ltr'>dolor</span> <span class='ocrx_word' id='word_1_224' title='bbox 386 3810 462 3868; x_wconf 88' lang='lat' dir='ltr'>tristi</span> <span class='ocrx_word' id='word_1_225' title='bbox 477 3829 484 3878; x_wconf 87' lang='lat'><strong>;</strong></span> <span class='ocrx_word' id='word_1_226' title='bbox 508 3810 619 3888; x_wconf 87' lang='lat' dir='ltr'>gaudet</span> <span class='ocrx_word' id='word_1_227' title='bbox 633 3810 809 3888; x_wconf 89' lang='lat' dir='ltr'>cognomine</span> <span class='ocrx_word' id='word_1_228' title='bbox 830 3808 921 3868; x_wconf 72' lang='lat' dir='ltr'>terrai.</span> 
     </span>
    </p>
   </div>
   <div class='ocr_carea' id='block_1_4' title="bbox 173 3903 1158 4545">
    <p class='ocr_par' dir='ltr' id='par_1_26' title="bbox 173 3903 1158 4261">
     <span class='ocr_line' id='line_1_34' title="bbox 211 3903 1087 3981; baseline 0.008 -23"><span class='ocrx_word' id='word_1_229' title='bbox 211 3903 295 3980; x_wconf 82' lang='lat' dir='ltr'>Ergo</span> <span class='ocrx_word' id='word_1_230' title='bbox 310 3903 366 3960; x_wconf 90' lang='lat' dir='ltr'>iter</span> <span class='ocrx_word' id='word_1_231' title='bbox 379 3904 527 3980; x_wconf 90' lang='lat' dir='ltr'>inceptum</span> <span class='ocrx_word' id='word_1_232' title='bbox 542 3913 700 3981; x_wconf 90' lang='lat' dir='ltr'>peragunt,</span> <span class='ocrx_word' id='word_1_233' title='bbox 717 3904 865 3980; x_wconf 84' lang='lat' dir='ltr'>fluvioque</span> <span class='ocrx_word' id='word_1_234' title='bbox 881 3904 1087 3981; x_wconf 84' lang='lat' dir='ltr'>propinquant.</span> 
     </span>
     <span class='ocr_line' id='line_1_35' title="bbox 173 3993 1158 4075; baseline 0.004 -21"><span class='ocrx_word' id='word_1_235' title='bbox 173 3993 283 4054; x_wconf 82' lang='lat' dir='ltr'>Navita</span> <span class='ocrx_word' id='word_1_236' title='bbox 298 4016 373 4071; x_wconf 91' lang='lat' dir='ltr'>quos</span> <span class='ocrx_word' id='word_1_237' title='bbox 388 3996 451 4072; x_wconf 92' lang='lat' dir='ltr'>jam</span> <span class='ocrx_word' id='word_1_238' title='bbox 465 3997 533 4055; x_wconf 92' lang='lat' dir='ltr'>inde</span> <span class='ocrx_word' id='word_1_239' title='bbox 549 4007 579 4055; x_wconf 89' lang='lat' dir='ltr'>ut</span> <span class='ocrx_word' id='word_1_240' title='bbox 595 3997 701 4075; x_wconf 70' lang='lat' dir='ltr'>stygia</span> <span class='ocrx_word' id='word_1_241' title='bbox 717 3999 865 4075; x_wconf 85' lang='lat' dir='ltr'>prospexit</span> <span class='ocrx_word' id='word_1_242' title='bbox 881 4000 918 4055; x_wconf 93' lang='lat' dir='ltr'>ab</span> <span class='ocrx_word' id='word_1_243' title='bbox 933 3996 1014 4058; x_wconf 78' lang='lat' dir='ltr'>andri</span> <span class='ocrx_word' id='word_1_244' title='bbox 1099 4001 1158 4058; x_wconf 76' lang='grc'>886</span> 
     </span>
     <span class='ocr_line' id='line_1_36' title="bbox 175 4080 1010 4169; baseline 0.01 -25"><span class='ocrx_word' id='word_1_245' title='bbox 175 4085 232 4145; x_wconf 91' lang='lat' dir='ltr'>Per</span> <span class='ocrx_word' id='word_1_246' title='bbox 245 4089 368 4146; x_wconf 89' lang='lat' dir='ltr'>taciturn</span> <span class='ocrx_word' id='word_1_247' title='bbox 383 4109 486 4147; x_wconf 90' lang='lat' dir='ltr'>nemus</span> <span class='ocrx_word' id='word_1_248' title='bbox 501 4090 554 4159; x_wconf 89' lang='lat' dir='ltr'>ire,</span> <span class='ocrx_word' id='word_1_249' title='bbox 571 4080 736 4167; x_wconf 89' lang='lat' dir='ltr'>pedemque</span> <span class='ocrx_word' id='word_1_250' title='bbox 752 4091 907 4150; x_wconf 84' lang='lat' dir='ltr'>advertere</span> <span class='ocrx_word' id='word_1_251' title='bbox 921 4093 1010 4169; x_wconf 74' lang='lat' dir='ltr'>ripae,¹</span> 
     </span>
     <span class='ocr_line' id='line_1_37' title="bbox 176 4180 985 4261; baseline 0.007 -23"><span class='ocrx_word' id='word_1_252' title='bbox 176 4180 222 4238; x_wconf 91' lang='lat' dir='ltr'>Sic</span> <span class='ocrx_word' id='word_1_253' title='bbox 237 4183 317 4258; x_wconf 84' lang='lat' dir='ltr'>prior</span> <span class='ocrx_word' id='word_1_254' title='bbox 332 4183 505 4260; x_wconf 89' lang='lat' dir='ltr'>aggreditur</span> <span class='ocrx_word' id='word_1_255' title='bbox 518 4183 614 4254; x_wconf 88' lang='lat' dir='ltr'>dictis,</span> <span class='ocrx_word' id='word_1_256' title='bbox 632 4193 721 4259; x_wconf 90' lang='lat' dir='ltr'>atque</span> <span class='ocrx_word' id='word_1_257' title='bbox 737 4185 872 4261; x_wconf 86' lang='lat' dir='ltr'>increpat</span> <span class='ocrx_word' id='word_1_258' title='bbox 886 4185 985 4244; x_wconf 89' lang='lat' dir='ltr'>ultro:</span> 
     </span>
    </p>

    <p class='ocr_par' dir='ltr' id='par_1_27' title="bbox 173 4273 1158 4545">
     <span class='ocr_line' id='line_1_38' title="bbox 175 4273 1013 4352; baseline 0.007 -20"><span class='ocrx_word' id='word_1_259' title='bbox 175 4273 317 4351; x_wconf 83' lang='lat' dir='ltr'>Quisquis</span> <span class='ocrx_word' id='word_1_260' title='bbox 331 4295 374 4347; x_wconf 88' lang='lat' dir='ltr'>es,</span> <span class='ocrx_word' id='word_1_261' title='bbox 392 4287 524 4335; x_wconf 88' lang='lat' dir='ltr'>armatus</span> <span class='ocrx_word' id='word_1_262' title='bbox 540 4277 588 4352; x_wconf 92' lang='lat' dir='ltr'>qui</span> <span class='ocrx_word' id='word_1_263' title='bbox 603 4287 705 4335; x_wconf 90' lang='lat' dir='ltr'>nostra</span> <span class='ocrx_word' id='word_1_264' title='bbox 720 4279 757 4335; x_wconf 90' lang='lat' dir='ltr'>ad</span> <span class='ocrx_word' id='word_1_265' title='bbox 772 4279 893 4337; x_wconf 84' lang='lat' dir='ltr'>flumina</span> <span class='ocrx_word' id='word_1_266' title='bbox 906 4279 1013 4351; x_wconf 84' lang='lat' dir='ltr'>tendis,</span> 
     </span>
     <span class='ocr_line' id='line_1_39' title="bbox 174 4365 1125 4452; baseline 0.011 -28"><span class='ocrx_word' id='word_1_267' title='bbox 174 4365 249 4425; x_wconf 85' lang='lat' dir='ltr'>Fare</span> <span class='ocrx_word' id='word_1_268' title='bbox 265 4388 334 4446; x_wconf 89' lang='lat' dir='ltr'>age,</span> <span class='ocrx_word' id='word_1_269' title='bbox 351 4369 420 4444; x_wconf 93' lang='lat' dir='ltr'>quid</span> <span class='ocrx_word' id='word_1_270' title='bbox 435 4370 538 4428; x_wconf 89' lang='lat' dir='ltr'>venias</span> <span class='ocrx_word' id='word_1_271' title='bbox 556 4390 563 4439; x_wconf 87' lang='lat'>;</span> <span class='ocrx_word' id='word_1_272' title='bbox 583 4371 645 4446; x_wconf 86' lang='lat' dir='ltr'>jam</span> <span class='ocrx_word' id='word_1_273' title='bbox 659 4372 746 4430; x_wconf 89' lang='lat' dir='ltr'>istinc</span> <span class='ocrx_word' id='word_1_274' title='bbox 760 4382 789 4431; x_wconf 91' lang='lat' dir='ltr'>et</span> <span class='ocrx_word' id='word_1_275' title='bbox 805 4374 965 4451; x_wconf 84' lang='lat' dir='ltr'>comprime</span> <span class='ocrx_word' id='word_1_276' title='bbox 979 4392 1125 4452; x_wconf 74' lang='lat' dir='ltr'>gressum.</span> 
     </span>
     <span class='ocr_line' id='line_1_40' title="bbox 173 4459 1158 4545; baseline 0.01 -27"><span class='ocrx_word' id='word_1_277' title='bbox 173 4459 350 4521; x_wconf 85' lang='lat' dir='ltr'>Umbrarum</span> <span class='ocrx_word' id='word_1_278' title='bbox 367 4463 415 4521; x_wconf 91' lang='lat' dir='ltr'>hic</span> <span class='ocrx_word' id='word_1_279' title='bbox 430 4465 514 4522; x_wconf 87' lang='lat' dir='ltr'>locus</span> <span class='ocrx_word' id='word_1_280' title='bbox 529 4474 585 4536; x_wconf 91' lang='lat' dir='ltr'>est,</span> <span class='ocrx_word' id='word_1_281' title='bbox 603 4467 702 4524; x_wconf 92' lang='lat' dir='ltr'>Somni</span> <span class='ocrx_word' id='word_1_282' title='bbox 716 4468 882 4543; x_wconf 86' lang='lat' dir='ltr'>Noctisque</span> <span class='ocrx_word' id='word_1_283' title='bbox 896 4487 1033 4545; x_wconf 81' lang='lat' dir='ltr'>soporae:</span> <span class='ocrx_word' id='word_1_284' title='bbox 1097 4471 1158 4528; x_wconf 75' lang='lat'>³90</span> 
     </span>
    </p>
   </div>
   <div class='ocr_carea' id='block_1_5' title="bbox 175 4551 878 4707">
    <p class='ocr_par' dir='ltr' id='par_1_28' title="bbox 175 4551 878 4707">
     <span class='ocr_line' id='line_1_41' title="bbox 175 4551 878 4638; baseline 0.009 -25"><span class='ocrx_word' id='word_1_285' title='bbox 175 4551 309 4633; x_wconf 87' lang='lat' dir='ltr'>Corpora</span> <span class='ocrx_word' id='word_1_286' title='bbox 323 4557 392 4614; x_wconf 85' lang='lat' dir='ltr'>viva</span> <span class='ocrx_word' id='word_1_287' title='bbox 405 4557 490 4615; x_wconf 85' lang='lat' dir='ltr'>nefas</span> <span class='ocrx_word' id='word_1_288' title='bbox 505 4558 610 4638; x_wconf 74' lang='lat' dir='ltr'>Stygii</span> <span class='ocrx_word' id='word_1_289' title='bbox 625 4569 744 4618; x_wconf 86' lang='lat' dir='ltr'>vectare</span> <span class='ocrx_word' id='word_1_290' title='bbox 766 4559 878 4620; x_wconf 68' lang='lat' dir='ltr'>carini.</span> 
     </span>
     <span class='ocr_line' id='line_1_42' title="bbox 491 4651 552 4707; baseline -0.016 0"><span class='ocrx_word' id='word_1_291' title='bbox 491 4656 524 4707; x_wconf 82' lang='grc'>17</span> <span class='ocrx_word' id='word_1_292' title='bbox 535 4651 552 4686; x_wconf 73' lang='lat'>⁸</span> 
     </span>
    </p>
   </div>
   <div class='ocr_carea' id='block_1_6' title="bbox 0 0 1350 5122">
    <p class='ocr_par' dir='ltr' id='par_1_29' title="bbox 0 0 1350 5122">
     <span class='ocr_line' id='line_1_43' title="bbox 0 0 1350 5122; baseline 0 0"><span class='ocrx_word' id='word_1_293' title='bbox 0 0 1350 5122; x_wconf 95' lang='lat' dir='ltr'> </span> 
     </span>
    </p>
   </div>
  </div>
 </body>
</html>
