<?xml version="1.0" encoding="UTF-8"?>
<!DOCTYPE html PUBLIC "-//W3C//DTD XHTML 1.0 Transitional//EN"
    "http://www.w3.org/TR/xhtml1/DTD/xhtml1-transitional.dtd">
<html xmlns="http://www.w3.org/1999/xhtml" xml:lang="en" lang="en">
 <head>
  <title>
</title>
<meta http-equiv="Content-Type" content="text/html;charset=utf-8" />
  <meta name='ocr-system' content='tesseract 3.04.00' />
  <meta name='ocr-capabilities' content='ocr_page ocr_carea ocr_par ocr_line ocrx_word'/>
</head>
<body>
  <div class='ocr_page' id='page_1' title='image "./pvirgiliimaroni00bowegoog/pvirgiliimaroni00bowegoog_0163.png"; bbox 0 0 2692 5122; ppageno 0'>
   <div class='ocr_carea' id='block_1_1' title="bbox 182 339 869 405">
    <p class='ocr_par' dir='ltr' id='par_1_1' title="bbox 182 339 869 405">
     <span class='ocr_line' id='line_1_1' title="bbox 182 339 869 405; baseline -0.003 -16"><span class='ocrx_word' id='word_1_1' title='bbox 182 344 237 405; x_wconf 67' lang='lat'>152</span> <span class='ocrx_word' id='word_1_2' title='bbox 463 339 491 388; x_wconf 76' lang='grc' dir='ltr'>Ρ.</span> <span class='ocrx_word' id='word_1_3' title='bbox 512 339 679 386; x_wconf 85' lang='lat' dir='ltr'>VlRGlLII</span> <span class='ocrx_word' id='word_1_4' title='bbox 697 339 869 388; x_wconf 75' lang='lat' dir='ltr'>Mtaoms</span> 
     </span>
    </p>
   </div>
   <div class='ocr_carea' id='block_1_2' title="bbox 174 478 1167 4204">
    <p class='ocr_par' dir='ltr' id='par_1_2' title="bbox 178 478 831 557">
     <span class='ocr_line' id='line_1_2' title="bbox 178 478 831 557; baseline -0.003 -17"><span class='ocrx_word' id='word_1_5' title='bbox 178 480 263 547; x_wconf 80' lang='lat' dir='ltr'>Ecce</span> <span class='ocrx_word' id='word_1_6' title='bbox 278 480 359 551; x_wconf 77' lang='lat' dir='ltr'>ferie,</span> <span class='ocrx_word' id='word_1_7' title='bbox 376 479 440 537; x_wconf 88' lang='lat' dir='ltr'>saxi</span> <span class='ocrx_word' id='word_1_8' title='bbox 454 478 577 555; x_wconf 87' lang='lat' dir='ltr'>dejectae</span> <span class='ocrx_word' id='word_1_9' title='bbox 593 479 715 550; x_wconf 83' lang='lat' dir='ltr'>vertice,</span> <span class='ocrx_word' id='word_1_10' title='bbox 732 498 831 557; x_wconf 77' lang='lat' dir='ltr'>caprae</span> 
     </span>
    </p>

    <p class='ocr_par' dir='ltr' id='par_1_3' title="bbox 177 571 860 652">
     <span class='ocr_line' id='line_1_3' title="bbox 177 571 860 652; baseline -0.001 -20"><span class='ocrx_word' id='word_1_11' title='bbox 177 571 353 633; x_wconf 74' lang='lat' dir='ltr'>Decurrdre</span> <span class='ocrx_word' id='word_1_12' title='bbox 370 573 472 652; x_wconf 84' lang='lat' dir='ltr'>jugis:</span> <span class='ocrx_word' id='word_1_13' title='bbox 501 571 611 631; x_wconf 73' lang='lat' dir='ltr'>eliade</span> <span class='ocrx_word' id='word_1_14' title='bbox 626 582 710 651; x_wconf 87' lang='lat' dir='ltr'>parte</span> <span class='ocrx_word' id='word_1_15' title='bbox 725 581 860 650; x_wconf 87' lang='lat' dir='ltr'>patentes</span> 
     </span>
    </p>

    <p class='ocr_par' dir='ltr' id='par_1_4' title="bbox 178 664 970 744">
     <span class='ocr_line' id='line_1_4' title="bbox 178 664 970 744; baseline -0.003 -19"><span class='ocrx_word' id='word_1_16' title='bbox 178 667 395 726; x_wconf 88' lang='lat' dir='ltr'>Transmittunt</span> <span class='ocrx_word' id='word_1_17' title='bbox 410 686 500 725; x_wconf 86' lang='lat' dir='ltr'>cursu</span> <span class='ocrx_word' id='word_1_18' title='bbox 514 686 636 744; x_wconf 89' lang='lat' dir='ltr'>campos</span> <span class='ocrx_word' id='word_1_19' title='bbox 650 675 740 743; x_wconf 89' lang='lat' dir='ltr'>atque</span> <span class='ocrx_word' id='word_1_20' title='bbox 756 668 875 744; x_wconf 79' lang='lat' dir='ltr'><strong>agmina</strong></span> <span class='ocrx_word' id='word_1_21' title='bbox 888 664 970 724; x_wconf 80' lang='lat' dir='ltr'>cerri</span> 
     </span>
    </p>

    <p class='ocr_par' dir='ltr' id='par_1_5' title="bbox 178 741 1167 838">
     <span class='ocr_line' id='line_1_5' title="bbox 178 741 1167 838; baseline -0.003 -18"><span class='ocrx_word' id='word_1_22' title='bbox 178 759 393 821; x_wconf 90' lang='lat' dir='ltr'>Pulverulenta</span> <span class='ocrx_word' id='word_1_23' title='bbox 407 759 480 838; x_wconf 74' lang='lat' dir='ltr'>lugd</span> <span class='ocrx_word' id='word_1_24' title='bbox 493 761 669 837; x_wconf 84' lang='lat' dir='ltr'>glomerant,</span> <span class='ocrx_word' id='word_1_25' title='bbox 687 768 860 836; x_wconf 77' lang='lat' dir='ltr'>montesque</span> <span class='ocrx_word' id='word_1_26' title='bbox 875 741 1055 834; x_wconf 82' lang='lat' dir='ltr'>relinquunt.</span> <span class='ocrx_word' id='word_1_27' title='bbox 1112 760 1167 817; x_wconf 79' lang='grc'>155</span> 
     </span>
    </p>

    <p class='ocr_par' dir='ltr' id='par_1_6' title="bbox 179 852 850 931">
     <span class='ocr_line' id='line_1_6' title="bbox 179 852 850 931; baseline -0.004 -18"><span class='ocrx_word' id='word_1_28' title='bbox 179 854 219 913; x_wconf 82' lang='lat' dir='ltr'>At</span> <span class='ocrx_word' id='word_1_29' title='bbox 234 874 308 931; x_wconf 90' lang='lat' dir='ltr'>puer</span> <span class='ocrx_word' id='word_1_30' title='bbox 320 853 470 912; x_wconf 86' lang='lat' dir='ltr'>Ascanius</span> <span class='ocrx_word' id='word_1_31' title='bbox 484 853 632 912; x_wconf 87' lang='lat' dir='ltr'>mediisin</span> <span class='ocrx_word' id='word_1_32' title='bbox 647 852 774 911; x_wconf 83' lang='lat' dir='ltr'>vallibus</span> <span class='ocrx_word' id='word_1_33' title='bbox 788 853 850 911; x_wconf 91' lang='lat' dir='ltr'>acri</span> 
     </span>
    </p>

    <p class='ocr_par' dir='ltr' id='par_1_7' title="bbox 179 944 1071 1024">
     <span class='ocr_line' id='line_1_7' title="bbox 179 944 1071 1024; baseline -0.002 -18"><span class='ocrx_word' id='word_1_34' title='bbox 179 947 299 1007; x_wconf 88' lang='lat' dir='ltr'>Gaudet</span> <span class='ocrx_word' id='word_1_35' title='bbox 314 967 391 1023; x_wconf 89' lang='lat' dir='ltr'>equo</span> <span class='ocrx_word' id='word_1_36' title='bbox 408 967 416 1016; x_wconf 93' lang='lat'>;</span> <span class='ocrx_word' id='word_1_37' title='bbox 436 948 557 1023; x_wconf 87' lang='lat' dir='ltr'>jamque</span> <span class='ocrx_word' id='word_1_38' title='bbox 572 947 626 1005; x_wconf 91' lang='lat' dir='ltr'>hos</span> <span class='ocrx_word' id='word_1_39' title='bbox 641 966 742 1024; x_wconf 82' lang='lat' dir='ltr'>cursu,</span> <span class='ocrx_word' id='word_1_40' title='bbox 759 946 821 1023; x_wconf 87' lang='lat' dir='ltr'>jam</span> <span class='ocrx_word' id='word_1_41' title='bbox 837 945 966 1024; x_wconf 73' lang='lat' dir='ltr'>praeterit</span> <span class='ocrx_word' id='word_1_42' title='bbox 980 944 1047 1004; x_wconf 87' lang='lat' dir='ltr'>illos</span> <span class='ocrx_word' id='word_1_43' title='bbox 1062 963 1071 1016; x_wconf 93' lang='lat'>;</span> 
     </span>
    </p>

    <p class='ocr_par' dir='ltr' id='par_1_8' title="bbox 181 1040 938 1118">
     <span class='ocr_line' id='line_1_8' title="bbox 181 1040 938 1118; baseline -0.001 -20"><span class='ocrx_word' id='word_1_44' title='bbox 181 1041 432 1118; x_wconf 79' lang='lat' dir='ltr'>Spumantemque</span> <span class='ocrx_word' id='word_1_45' title='bbox 447 1040 511 1098; x_wconf 90' lang='lat' dir='ltr'>dari</span> <span class='ocrx_word' id='word_1_46' title='bbox 526 1059 638 1117; x_wconf 91' lang='lat' dir='ltr'>pecora</span> <span class='ocrx_word' id='word_1_47' title='bbox 652 1041 728 1098; x_wconf 88' lang='lat' dir='ltr'>inter</span> <span class='ocrx_word' id='word_1_48' title='bbox 742 1040 848 1098; x_wconf 88' lang='lat' dir='ltr'>inertia</span> <span class='ocrx_word' id='word_1_49' title='bbox 862 1040 938 1098; x_wconf 82' lang='lat' dir='ltr'>votis</span> 
     </span>
    </p>

    <p class='ocr_par' dir='ltr' id='par_1_9' title="bbox 180 1133 1046 1305">
     <span class='ocr_line' id='line_1_9' title="bbox 180 1133 1046 1213; baseline -0.001 -20"><span class='ocrx_word' id='word_1_50' title='bbox 180 1133 271 1213; x_wconf 85' lang='lat' dir='ltr'>Optat</span> <span class='ocrx_word' id='word_1_51' title='bbox 286 1153 400 1211; x_wconf 89' lang='lat' dir='ltr'>aprum,</span> <span class='ocrx_word' id='word_1_52' title='bbox 417 1142 466 1191; x_wconf 88' lang='lat' dir='ltr'>aut</span> <span class='ocrx_word' id='word_1_53' title='bbox 482 1133 594 1191; x_wconf 89' lang='lat' dir='ltr'>sulvum</span> <span class='ocrx_word' id='word_1_54' title='bbox 608 1133 792 1191; x_wconf 85' lang='lat' dir='ltr'>descendere</span> <span class='ocrx_word' id='word_1_55' title='bbox 806 1142 905 1192; x_wconf 86' lang='lat' dir='ltr'>monto</span> <span class='ocrx_word' id='word_1_56' title='bbox 919 1134 1046 1192; x_wconf 90' lang='lat' dir='ltr'>leonem.</span> 
     </span>
     <span class='ocr_line' id='line_1_10' title="bbox 219 1225 884 1305; baseline 0.002 -21"><span class='ocrx_word' id='word_1_57' title='bbox 219 1225 341 1284; x_wconf 85' lang='lat' dir='ltr'>Interea</span> <span class='ocrx_word' id='word_1_58' title='bbox 354 1246 463 1305; x_wconf 82' lang='lat' dir='ltr'>magno</span> <span class='ocrx_word' id='word_1_59' title='bbox 477 1227 595 1285; x_wconf 81' lang='lat' dir='ltr'>misceri</span> <span class='ocrx_word' id='word_1_60' title='bbox 610 1246 759 1285; x_wconf 89' lang='lat' dir='ltr'>murmure</span> <span class='ocrx_word' id='word_1_61' title='bbox 774 1228 884 1285; x_wconf 89' lang='lat' dir='ltr'>coelum</span> 
     </span>
    </p>

    <p class='ocr_par' dir='ltr' id='par_1_10' title="bbox 180 1319 973 1398">
     <span class='ocr_line' id='line_1_11' title="bbox 180 1319 973 1398; baseline 0 -19"><span class='ocrx_word' id='word_1_62' title='bbox 180 1319 286 1397; x_wconf 84' lang='lat' dir='ltr'>Incipit</span> <span class='ocrx_word' id='word_1_63' title='bbox 304 1340 310 1377; x_wconf 95' lang='lat'><strong>:</strong></span> <span class='ocrx_word' id='word_1_64' title='bbox 334 1320 499 1397; x_wconf 86' lang='lat' dir='ltr'>insequitur</span> <span class='ocrx_word' id='word_1_65' title='bbox 514 1319 672 1378; x_wconf 76' lang='lat' dir='ltr'>commixtd</span> <span class='ocrx_word' id='word_1_66' title='bbox 690 1320 835 1398; x_wconf 77' lang='lat' dir='ltr'>grandine</span> <span class='ocrx_word' id='word_1_67' title='bbox 849 1320 973 1379; x_wconf 88' lang='lat' dir='ltr'>nimbus.</span> 
     </span>
    </p>

    <p class='ocr_par' dir='ltr' id='par_1_11' title="bbox 178 1412 958 1491">
     <span class='ocr_line' id='line_1_12' title="bbox 178 1412 958 1491; baseline -0.003 -18"><span class='ocrx_word' id='word_1_68' title='bbox 178 1412 220 1474; x_wconf 90' lang='lat' dir='ltr'>Et</span> <span class='ocrx_word' id='word_1_69' title='bbox 240 1414 325 1490; x_wconf 86' lang='lat' dir='ltr'>Tyrii</span> <span class='ocrx_word' id='word_1_70' title='bbox 341 1414 464 1471; x_wconf 84' lang='lat' dir='ltr'>comites</span> <span class='ocrx_word' id='word_1_71' title='bbox 478 1414 599 1491; x_wconf 90' lang='lat' dir='ltr'>passim,</span> <span class='ocrx_word' id='word_1_72' title='bbox 617 1423 645 1471; x_wconf 88' lang='lat' dir='ltr'>et</span> <span class='ocrx_word' id='word_1_73' title='bbox 659 1413 793 1489; x_wconf 88' lang='lat' dir='ltr'>Trojana</span> <span class='ocrx_word' id='word_1_74' title='bbox 807 1414 958 1489; x_wconf 90' lang='lat' dir='ltr'>juventus,</span> 
     </span>
    </p>

    <p class='ocr_par' dir='ltr' id='par_1_12' title="bbox 178 1503 979 1585">
     <span class='ocr_line' id='line_1_13' title="bbox 178 1503 979 1585; baseline -0.001 -19"><span class='ocrx_word' id='word_1_75' title='bbox 178 1503 411 1584; x_wconf 70' lang='lat' dir='ltr'>Dardaniusque</span> <span class='ocrx_word' id='word_1_76' title='bbox 426 1527 520 1585; x_wconf 85' lang='lat' dir='ltr'>nepos</span> <span class='ocrx_word' id='word_1_77' title='bbox 533 1506 673 1578; x_wconf 87' lang='lat' dir='ltr'>Veneris,</span> <span class='ocrx_word' id='word_1_78' title='bbox 690 1507 808 1565; x_wconf 87' lang='lat' dir='ltr'>diversa</span> <span class='ocrx_word' id='word_1_79' title='bbox 822 1526 876 1584; x_wconf 88' lang='lat' dir='ltr'>per</span> <span class='ocrx_word' id='word_1_80' title='bbox 889 1526 979 1585; x_wconf 85' lang='lat' dir='ltr'>agros</span> 
     </span>
    </p>

    <p class='ocr_par' dir='ltr' id='par_1_13' title="bbox 179 1598 976 1678">
     <span class='ocr_line' id='line_1_14' title="bbox 179 1598 976 1678; baseline 0.003 -21"><span class='ocrx_word' id='word_1_81' title='bbox 179 1598 276 1658; x_wconf 86' lang='lat' dir='ltr'>Tecta</span> <span class='ocrx_word' id='word_1_82' title='bbox 290 1609 369 1658; x_wconf 92' lang='lat' dir='ltr'>metu</span> <span class='ocrx_word' id='word_1_83' title='bbox 386 1599 498 1678; x_wconf 73' lang='lat' dir='ltr'>petidre</span> <span class='ocrx_word' id='word_1_84' title='bbox 515 1620 522 1657; x_wconf 76' lang='grc' dir='ltr'>ε</span> <span class='ocrx_word' id='word_1_85' title='bbox 545 1609 634 1658; x_wconf 90' lang='lat' dir='ltr'>ruunt</span> <span class='ocrx_word' id='word_1_86' title='bbox 652 1601 688 1658; x_wconf 90' lang='lat' dir='ltr'>de</span> <span class='ocrx_word' id='word_1_87' title='bbox 704 1601 851 1658; x_wconf 89' lang='lat' dir='ltr'>montibus</span> <span class='ocrx_word' id='word_1_88' title='bbox 865 1619 976 1659; x_wconf 85' lang='lat' dir='ltr'>amnes.</span> 
     </span>
    </p>

    <p class='ocr_par' dir='ltr' id='par_1_14' title="bbox 180 1693 883 1771">
     <span class='ocr_line' id='line_1_15' title="bbox 180 1693 883 1771; baseline 0 -20"><span class='ocrx_word' id='word_1_89' title='bbox 180 1693 360 1771; x_wconf 83' lang='lat' dir='ltr'>Speluncam</span> <span class='ocrx_word' id='word_1_90' title='bbox 373 1693 453 1752; x_wconf 93' lang='lat' dir='ltr'>Dido</span> <span class='ocrx_word' id='word_1_91' title='bbox 468 1694 527 1752; x_wconf 86' lang='lat' dir='ltr'>dux</span> <span class='ocrx_word' id='word_1_92' title='bbox 542 1702 571 1752; x_wconf 88' lang='lat' dir='ltr'>et</span> <span class='ocrx_word' id='word_1_93' title='bbox 584 1694 736 1769; x_wconf 87' lang='lat' dir='ltr'>Trojanus</span> <span class='ocrx_word' id='word_1_94' title='bbox 749 1694 883 1752; x_wconf 89' lang='lat' dir='ltr'>eamdem</span> 
     </span>
    </p>

    <p class='ocr_par' dir='ltr' id='par_1_15' title="bbox 178 1786 956 1867">
     <span class='ocr_line' id='line_1_16' title="bbox 178 1786 956 1867; baseline 0 -21"><span class='ocrx_word' id='word_1_95' title='bbox 178 1786 360 1846; x_wconf 88' lang='lat' dir='ltr'>Deveniunt.</span> <span class='ocrx_word' id='word_1_96' title='bbox 402 1788 504 1846; x_wconf 91' lang='lat' dir='ltr'>Prima</span> <span class='ocrx_word' id='word_1_97' title='bbox 518 1798 547 1846; x_wconf 90' lang='lat' dir='ltr'>et</span> <span class='ocrx_word' id='word_1_98' title='bbox 561 1789 666 1846; x_wconf 85' lang='lat' dir='ltr'>Tellus</span> <span class='ocrx_word' id='word_1_99' title='bbox 681 1797 709 1846; x_wconf 88' lang='lat' dir='ltr'>et</span> <span class='ocrx_word' id='word_1_100' title='bbox 729 1790 863 1867; x_wconf 90' lang='lat' dir='ltr'>pronuba</span> <span class='ocrx_word' id='word_1_101' title='bbox 875 1787 956 1846; x_wconf 89' lang='lat' dir='ltr'>Juno</span> 
     </span>
    </p>

    <p class='ocr_par' dir='ltr' id='par_1_16' title="bbox 177 1880 969 1961">
     <span class='ocr_line' id='line_1_17' title="bbox 177 1880 969 1961; baseline -0.001 -19"><span class='ocrx_word' id='word_1_102' title='bbox 177 1880 261 1943; x_wconf 87' lang='lat' dir='ltr'>Dant</span> <span class='ocrx_word' id='word_1_103' title='bbox 276 1883 393 1960; x_wconf 83' lang='lat' dir='ltr'>signum</span> <span class='ocrx_word' id='word_1_104' title='bbox 408 1902 415 1952; x_wconf 88' lang='grc'>;</span> <span class='ocrx_word' id='word_1_105' title='bbox 441 1881 551 1942; x_wconf 64' lang='lat' dir='ltr'>fulsire</span> <span class='ocrx_word' id='word_1_106' title='bbox 567 1883 663 1961; x_wconf 83' lang='lat' dir='ltr'>ignes,</span> <span class='ocrx_word' id='word_1_107' title='bbox 680 1892 709 1941; x_wconf 87' lang='lat' dir='ltr'>et</span> <span class='ocrx_word' id='word_1_108' title='bbox 723 1884 861 1941; x_wconf 89' lang='lat' dir='ltr'>conscius</span> <span class='ocrx_word' id='word_1_109' title='bbox 876 1884 969 1941; x_wconf 71' lang='lat' dir='ltr'>aether</span> 
     </span>
    </p>

    <p class='ocr_par' dir='ltr' id='par_1_17' title="bbox 180 1973 1023 2055">
     <span class='ocr_line' id='line_1_18' title="bbox 180 1973 1023 2055; baseline -0.001 -20"><span class='ocrx_word' id='word_1_110' title='bbox 180 1973 347 2037; x_wconf 83' lang='lat' dir='ltr'>connubiis</span> <span class='ocrx_word' id='word_1_111' title='bbox 362 1996 369 2045; x_wconf 94' lang='lat'>;</span> <span class='ocrx_word' id='word_1_112' title='bbox 395 1996 569 2053; x_wconf 89' lang='lat' dir='ltr'>summoque</span> <span class='ocrx_word' id='word_1_113' title='bbox 585 1976 736 2035; x_wconf 70' lang='lat' dir='ltr'>ulularunt</span> <span class='ocrx_word' id='word_1_114' title='bbox 751 1977 863 2035; x_wconf 86' lang='lat' dir='ltr'>vertice</span> <span class='ocrx_word' id='word_1_115' title='bbox 878 1975 1023 2055; x_wconf 71' lang='lat' dir='ltr'>nymphas.</span> 
     </span>
    </p>

    <p class='ocr_par' dir='ltr' id='par_1_18' title="bbox 179 2066 850 2147">
     <span class='ocr_line' id='line_1_19' title="bbox 179 2066 850 2147; baseline 0.001 -20"><span class='ocrx_word' id='word_1_116' title='bbox 179 2066 236 2127; x_wconf 86' lang='lat' dir='ltr'>llle</span> <span class='ocrx_word' id='word_1_117' title='bbox 251 2070 314 2127; x_wconf 88' lang='lat' dir='ltr'>dies</span> <span class='ocrx_word' id='word_1_118' title='bbox 328 2071 439 2147; x_wconf 89' lang='lat' dir='ltr'>primus</span> <span class='ocrx_word' id='word_1_119' title='bbox 452 2070 503 2127; x_wconf 92' lang='lat' dir='ltr'>leti</span> <span class='ocrx_word' id='word_1_120' title='bbox 521 2070 692 2147; x_wconf 89' lang='lat' dir='ltr'>primusque</span> <span class='ocrx_word' id='word_1_121' title='bbox 707 2071 850 2128; x_wconf 92' lang='lat' dir='ltr'>malorum</span> 
     </span>
    </p>

    <p class='ocr_par' dir='ltr' id='par_1_19' title="bbox 174 2159 1167 2241">
     <span class='ocr_line' id='line_1_20' title="bbox 174 2159 1167 2241; baseline 0.002 -21"><span class='ocrx_word' id='word_1_122' title='bbox 174 2159 285 2221; x_wconf 76' lang='lat' dir='ltr'>Causa</span> <span class='ocrx_word' id='word_1_123' title='bbox 300 2163 353 2221; x_wconf 89' lang='lat' dir='ltr'>suit</span> <span class='ocrx_word' id='word_1_124' title='bbox 370 2183 376 2220; x_wconf 94' lang='lat'><strong>:</strong></span> <span class='ocrx_word' id='word_1_125' title='bbox 399 2183 497 2240; x_wconf 91' lang='lat' dir='ltr'>neque</span> <span class='ocrx_word' id='word_1_126' title='bbox 512 2163 591 2221; x_wconf 89' lang='lat' dir='ltr'>enim</span> <span class='ocrx_word' id='word_1_127' title='bbox 605 2164 706 2241; x_wconf 88' lang='lat' dir='ltr'>specie</span> <span class='ocrx_word' id='word_1_128' title='bbox 722 2162 838 2222; x_wconf 71' lang='lat' dir='ltr'>fambre</span> <span class='ocrx_word' id='word_1_129' title='bbox 853 2171 998 2237; x_wconf 82' lang='lat' dir='ltr'>movetur,</span> <span class='ocrx_word' id='word_1_130' title='bbox 1111 2166 1167 2222; x_wconf 65' lang='lat'>1³10</span> 
     </span>
    </p>

    <p class='ocr_par' dir='ltr' id='par_1_20' title="bbox 179 2254 915 2332">
     <span class='ocr_line' id='line_1_21' title="bbox 179 2254 915 2332; baseline -0.004 -16"><span class='ocrx_word' id='word_1_131' title='bbox 179 2254 247 2316; x_wconf 84' lang='lat' dir='ltr'>Nec</span> <span class='ocrx_word' id='word_1_132' title='bbox 264 2256 327 2332; x_wconf 88' lang='lat' dir='ltr'>jam</span> <span class='ocrx_word' id='word_1_133' title='bbox 342 2256 482 2315; x_wconf 83' lang='lat' dir='ltr'>furtivum</span> <span class='ocrx_word' id='word_1_134' title='bbox 496 2256 576 2314; x_wconf 92' lang='lat' dir='ltr'>Dido</span> <span class='ocrx_word' id='word_1_135' title='bbox 591 2256 749 2315; x_wconf 87' lang='lat' dir='ltr'>meditatur</span> <span class='ocrx_word' id='word_1_136' title='bbox 762 2276 892 2314; x_wconf 88' lang='lat' dir='ltr'>amorem</span> <span class='ocrx_word' id='word_1_137' title='bbox 908 2275 915 2313; x_wconf 76' lang='grc' dir='ltr'><em>τ</em></span> 
     </span>
    </p>

    <p class='ocr_par' dir='ltr' id='par_1_21' title="bbox 181 2344 992 2521">
     <span class='ocr_line' id='line_1_22' title="bbox 181 2344 992 2427; baseline 0.002 -19"><span class='ocrx_word' id='word_1_138' title='bbox 181 2344 363 2427; x_wconf 83' lang='lat' dir='ltr'>Conjugium</span> <span class='ocrx_word' id='word_1_139' title='bbox 377 2357 464 2408; x_wconf 90' lang='lat' dir='ltr'>vocat</span> <span class='ocrx_word' id='word_1_140' title='bbox 481 2369 488 2418; x_wconf 88' lang='lat'>;</span> <span class='ocrx_word' id='word_1_141' title='bbox 512 2350 568 2407; x_wconf 93' lang='lat' dir='ltr'>hoc</span> <span class='ocrx_word' id='word_1_142' title='bbox 584 2350 717 2426; x_wconf 84' lang='lat' dir='ltr'>praetexit</span> <span class='ocrx_word' id='word_1_143' title='bbox 733 2350 849 2407; x_wconf 91' lang='lat' dir='ltr'>nomine</span> <span class='ocrx_word' id='word_1_144' title='bbox 865 2351 992 2427; x_wconf 86' lang='lat' dir='ltr'>culpam.</span> 
     </span>
     <span class='ocr_line' id='line_1_23' title="bbox 218 2441 966 2521; baseline 0.004 -22"><span class='ocrx_word' id='word_1_145' title='bbox 218 2441 377 2520; x_wconf 85' lang='lat' dir='ltr'>Extemplo</span> <span class='ocrx_word' id='word_1_146' title='bbox 393 2442 498 2519; x_wconf 85' lang='lat' dir='ltr'>Libyae</span> <span class='ocrx_word' id='word_1_147' title='bbox 514 2462 640 2521; x_wconf 85' lang='lat' dir='ltr'>magnas</span> <span class='ocrx_word' id='word_1_148' title='bbox 654 2445 675 2501; x_wconf 94' lang='lat' dir='ltr'>it</span> <span class='ocrx_word' id='word_1_149' title='bbox 689 2443 784 2501; x_wconf 88' lang='lat' dir='ltr'>Fama</span> <span class='ocrx_word' id='word_1_150' title='bbox 799 2463 852 2520; x_wconf 87' lang='lat' dir='ltr'>per</span> <span class='ocrx_word' id='word_1_151' title='bbox 865 2446 966 2516; x_wconf 88' lang='lat' dir='ltr'>urbes,</span> 
     </span>
    </p>

    <p class='ocr_par' dir='ltr' id='par_1_22' title="bbox 179 2533 926 2612">
     <span class='ocr_line' id='line_1_24' title="bbox 179 2533 926 2612; baseline 0 -18"><span class='ocrx_word' id='word_1_152' title='bbox 179 2533 285 2606; x_wconf 84' lang='lat' dir='ltr'>Fama,</span> <span class='ocrx_word' id='word_1_153' title='bbox 301 2537 410 2593; x_wconf 92' lang='lat' dir='ltr'>malum</span> <span class='ocrx_word' id='word_1_154' title='bbox 425 2533 485 2612; x_wconf 73' lang='lat' dir='ltr'>qud</span> <span class='ocrx_word' id='word_1_155' title='bbox 499 2555 557 2593; x_wconf 92' lang='lat' dir='ltr'>non</span> <span class='ocrx_word' id='word_1_156' title='bbox 573 2537 652 2594; x_wconf 88' lang='lat' dir='ltr'>aliud</span> <span class='ocrx_word' id='word_1_157' title='bbox 666 2537 797 2595; x_wconf 84' lang='lat' dir='ltr'>velocius</span> <span class='ocrx_word' id='word_1_158' title='bbox 812 2537 902 2594; x_wconf 91' lang='lat' dir='ltr'>ullum</span> <span class='ocrx_word' id='word_1_159' title='bbox 918 2557 926 2607; x_wconf 76' lang='lat'>3</span> 
     </span>
    </p>

    <p class='ocr_par' dir='ltr' id='par_1_23' title="bbox 178 2627 884 2707">
     <span class='ocr_line' id='line_1_25' title="bbox 178 2627 884 2707; baseline 0.003 -21"><span class='ocrx_word' id='word_1_160' title='bbox 178 2627 346 2687; x_wconf 87' lang='lat' dir='ltr'>Mobilitate</span> <span class='ocrx_word' id='word_1_161' title='bbox 361 2630 452 2707; x_wconf 86' lang='lat' dir='ltr'>viget,</span> <span class='ocrx_word' id='word_1_162' title='bbox 469 2630 607 2706; x_wconf 86' lang='lat' dir='ltr'>viresque</span> <span class='ocrx_word' id='word_1_163' title='bbox 623 2630 748 2706; x_wconf 87' lang='lat' dir='ltr'>acquirit</span> <span class='ocrx_word' id='word_1_164' title='bbox 763 2631 861 2688; x_wconf 90' lang='lat' dir='ltr'>eundo</span> <span class='ocrx_word' id='word_1_165' title='bbox 877 2650 884 2699; x_wconf 87' lang='lat'>3</span> 
     </span>
    </p>

    <p class='ocr_par' dir='ltr' id='par_1_24' title="bbox 179 2720 935 2800">
     <span class='ocr_line' id='line_1_26' title="bbox 179 2720 935 2800; baseline -0.003 -18"><span class='ocrx_word' id='word_1_166' title='bbox 179 2720 280 2782; x_wconf 89' lang='lat' dir='ltr'>Parva</span> <span class='ocrx_word' id='word_1_167' title='bbox 293 2731 371 2780; x_wconf 89' lang='lat' dir='ltr'>metu</span> <span class='ocrx_word' id='word_1_168' title='bbox 387 2723 490 2800; x_wconf 87' lang='lat' dir='ltr'>primd‚</span> <span class='ocrx_word' id='word_1_169' title='bbox 506 2742 574 2781; x_wconf 89' lang='lat' dir='ltr'>mox</span> <span class='ocrx_word' id='word_1_170' title='bbox 589 2743 655 2781; x_wconf 88' lang='lat' dir='ltr'>sese</span> <span class='ocrx_word' id='word_1_171' title='bbox 670 2723 775 2781; x_wconf 90' lang='lat' dir='ltr'>attollit</span> <span class='ocrx_word' id='word_1_172' title='bbox 790 2724 819 2781; x_wconf 95' lang='lat' dir='ltr'>in</span> <span class='ocrx_word' id='word_1_173' title='bbox 835 2742 935 2794; x_wconf 90' lang='lat' dir='ltr'>auras,</span> 
     </span>
    </p>

    <p class='ocr_par' dir='ltr' id='par_1_25' title="bbox 179 2815 980 2895">
     <span class='ocr_line' id='line_1_27' title="bbox 179 2815 980 2895; baseline 0.002 -20"><span class='ocrx_word' id='word_1_174' title='bbox 179 2815 410 2895; x_wconf 78' lang='lat' dir='ltr'>Ingrediturque</span> <span class='ocrx_word' id='word_1_175' title='bbox 425 2817 499 2890; x_wconf 92' lang='lat' dir='ltr'>solo,</span> <span class='ocrx_word' id='word_1_176' title='bbox 516 2827 545 2875; x_wconf 90' lang='lat' dir='ltr'>et</span> <span class='ocrx_word' id='word_1_177' title='bbox 559 2826 648 2894; x_wconf 90' lang='lat' dir='ltr'>caput</span> <span class='ocrx_word' id='word_1_178' title='bbox 667 2818 743 2875; x_wconf 90' lang='lat' dir='ltr'>inter</span> <span class='ocrx_word' id='word_1_179' title='bbox 757 2818 859 2875; x_wconf 91' lang='lat' dir='ltr'>nubila</span> <span class='ocrx_word' id='word_1_180' title='bbox 871 2817 980 2878; x_wconf 89' lang='lat' dir='ltr'>condit.</span> 
     </span>
    </p>

    <p class='ocr_par' dir='ltr' id='par_1_26' title="bbox 179 2907 855 2988">
     <span class='ocr_line' id='line_1_28' title="bbox 179 2907 855 2988; baseline 0.001 -21"><span class='ocrx_word' id='word_1_181' title='bbox 179 2907 266 2968; x_wconf 87' lang='lat' dir='ltr'>Illam</span> <span class='ocrx_word' id='word_1_182' title='bbox 281 2911 378 2968; x_wconf 88' lang='lat' dir='ltr'>Terra</span> <span class='ocrx_word' id='word_1_183' title='bbox 398 2931 517 2988; x_wconf 90' lang='lat' dir='ltr'>parens,</span> <span class='ocrx_word' id='word_1_184' title='bbox 535 2913 578 2969; x_wconf 80' lang='lat' dir='ltr'>iria</span> <span class='ocrx_word' id='word_1_185' title='bbox 593 2911 709 2969; x_wconf 87' lang='lat' dir='ltr'>irritata</span> <span class='ocrx_word' id='word_1_186' title='bbox 723 2911 855 2982; x_wconf 88' lang='lat' dir='ltr'>deorum,</span> 
     </span>
    </p>

    <p class='ocr_par' dir='ltr' id='par_1_27' title="bbox 178 3001 1066 3083">
     <span class='ocr_line' id='line_1_29' title="bbox 178 3001 1066 3083; baseline 0 -20"><span class='ocrx_word' id='word_1_187' title='bbox 178 3001 363 3076; x_wconf 83' lang='lat' dir='ltr'>Extremam,</span> <span class='ocrx_word' id='word_1_188' title='bbox 381 3013 412 3062; x_wconf 89' lang='lat' dir='ltr'>ut</span> <span class='ocrx_word' id='word_1_189' title='bbox 429 3005 594 3083; x_wconf 88' lang='lat' dir='ltr'>perhibent,</span> <span class='ocrx_word' id='word_1_190' title='bbox 612 3003 690 3063; x_wconf 87' lang='lat' dir='ltr'>Coeo</span> <span class='ocrx_word' id='word_1_191' title='bbox 704 3004 918 3081; x_wconf 88' lang='lat' dir='ltr'>Enceladoque</span> <span class='ocrx_word' id='word_1_192' title='bbox 933 3022 1066 3063; x_wconf 86' lang='lat' dir='ltr'>sororem</span> 
     </span>
    </p>

    <p class='ocr_par' dir='ltr' id='par_1_28' title="bbox 178 3095 1165 3181">
     <span class='ocr_line' id='line_1_30' title="bbox 178 3095 1165 3181; baseline 0.002 -27"><span class='ocrx_word' id='word_1_193' title='bbox 178 3095 354 3176; x_wconf 86' lang='lat' dir='ltr'>Progenuit,</span> <span class='ocrx_word' id='word_1_194' title='bbox 370 3099 494 3176; x_wconf 88' lang='lat' dir='ltr'>pedibus</span> <span class='ocrx_word' id='word_1_195' title='bbox 508 3100 638 3156; x_wconf 88' lang='lat' dir='ltr'>colerem</span> <span class='ocrx_word' id='word_1_196' title='bbox 653 3106 681 3155; x_wconf 90' lang='lat' dir='ltr'>et</span> <span class='ocrx_word' id='word_1_197' title='bbox 696 3098 867 3175; x_wconf 89' lang='lat' dir='ltr'>pernicibus</span> <span class='ocrx_word' id='word_1_198' title='bbox 882 3098 936 3156; x_wconf 89' lang='lat' dir='ltr'>alis</span> <span class='ocrx_word' id='word_1_199' title='bbox 952 3117 974 3181; x_wconf 58' lang='grc' dir='ltr'>ε,ι</span> <span class='ocrx_word' id='word_1_200' title='bbox 1109 3101 1165 3157; x_wconf 85' lang='grc'>180</span> 
     </span>
    </p>

    <p class='ocr_par' dir='ltr' id='par_1_29' title="bbox 178 3186 1164 3270">
     <span class='ocr_line' id='line_1_31' title="bbox 178 3186 1164 3270; baseline 0.003 -22"><span class='ocrx_word' id='word_1_201' title='bbox 178 3186 345 3249; x_wconf 85' lang='lat' dir='ltr'>Monstrum</span> <span class='ocrx_word' id='word_1_202' title='bbox 354 3191 672 3269; x_wconf 83' lang='lat' dir='ltr'>horrendum,ingens;</span> <span class='ocrx_word' id='word_1_203' title='bbox 687 3192 745 3262; x_wconf 91' lang='lat' dir='ltr'>cui,</span> <span class='ocrx_word' id='word_1_204' title='bbox 757 3198 826 3267; x_wconf 88' lang='lat' dir='ltr'>quot</span> <span class='ocrx_word' id='word_1_205' title='bbox 835 3200 903 3250; x_wconf 87' lang='lat' dir='ltr'>sunt</span> <span class='ocrx_word' id='word_1_206' title='bbox 912 3210 1036 3270; x_wconf 85' lang='lat' dir='ltr'>corpore</span> <span class='ocrx_word' id='word_1_207' title='bbox 1046 3192 1164 3270; x_wconf 81' lang='lat' dir='ltr'>plumae,</span> 
     </span>
    </p>

    <p class='ocr_par' dir='ltr' id='par_1_30' title="bbox 178 3280 945 3360">
     <span class='ocr_line' id='line_1_32' title="bbox 178 3280 945 3360; baseline 0.003 -20"><span class='ocrx_word' id='word_1_208' title='bbox 178 3282 239 3341; x_wconf 89' lang='lat' dir='ltr'>Tot</span> <span class='ocrx_word' id='word_1_209' title='bbox 253 3285 358 3360; x_wconf 85' lang='lat' dir='ltr'>vigiles</span> <span class='ocrx_word' id='word_1_210' title='bbox 372 3284 452 3341; x_wconf 91' lang='lat' dir='ltr'>oculi</span> <span class='ocrx_word' id='word_1_211' title='bbox 466 3285 578 3354; x_wconf 85' lang='lat' dir='ltr'>subter,</span> <span class='ocrx_word' id='word_1_212' title='bbox 596 3285 729 3342; x_wconf 91' lang='lat' dir='ltr'>mirabile</span> <span class='ocrx_word' id='word_1_213' title='bbox 743 3285 835 3355; x_wconf 91' lang='lat' dir='ltr'>dictu,</span> <span class='ocrx_word' id='word_1_214' title='bbox 943 3280 945 3285; x_wconf 63' lang='grc'>’</span> 
     </span>
    </p>

    <p class='ocr_par' dir='ltr' id='par_1_31' title="bbox 178 3375 1024 3455">
     <span class='ocr_line' id='line_1_33' title="bbox 178 3375 1024 3455; baseline 0.004 -20"><span class='ocrx_word' id='word_1_215' title='bbox 178 3375 238 3435; x_wconf 79' lang='lat' dir='ltr'>&#39;rot</span> <span class='ocrx_word' id='word_1_216' title='bbox 254 3376 375 3453; x_wconf 77' lang='lat' dir='ltr'>lingum,</span> <span class='ocrx_word' id='word_1_217' title='bbox 391 3375 514 3433; x_wconf 88' lang='lat' dir='ltr'>totidem</span> <span class='ocrx_word' id='word_1_218' title='bbox 528 3395 582 3432; x_wconf 91' lang='lat' dir='ltr'>ora</span> <span class='ocrx_word' id='word_1_219' title='bbox 596 3385 713 3448; x_wconf 89' lang='lat' dir='ltr'>sonant,</span> <span class='ocrx_word' id='word_1_220' title='bbox 729 3385 771 3435; x_wconf 92' lang='lat' dir='ltr'>tot</span> <span class='ocrx_word' id='word_1_221' title='bbox 786 3377 911 3455; x_wconf 85' lang='lat' dir='ltr'>subrigit</span> <span class='ocrx_word' id='word_1_222' title='bbox 926 3397 1024 3439; x_wconf 86' lang='lat' dir='ltr'>aures.</span> 
     </span>
    </p>

    <p class='ocr_par' dir='ltr' id='par_1_32' title="bbox 179 3468 959 3547">
     <span class='ocr_line' id='line_1_34' title="bbox 179 3468 959 3547; baseline 0.004 -20"><span class='ocrx_word' id='word_1_223' title='bbox 179 3468 279 3528; x_wconf 88' lang='lat' dir='ltr'>Nocte</span> <span class='ocrx_word' id='word_1_224' title='bbox 293 3471 372 3526; x_wconf 86' lang='lat' dir='ltr'>volat</span> <span class='ocrx_word' id='word_1_225' title='bbox 387 3468 457 3526; x_wconf 88' lang='lat' dir='ltr'>coeli</span> <span class='ocrx_word' id='word_1_226' title='bbox 471 3468 568 3525; x_wconf 87' lang='lat' dir='ltr'>madio</span> <span class='ocrx_word' id='word_1_227' title='bbox 582 3478 740 3544; x_wconf 76' lang='lat' dir='ltr'>terraeque,</span> <span class='ocrx_word' id='word_1_228' title='bbox 758 3490 811 3547; x_wconf 90' lang='lat' dir='ltr'>per</span> <span class='ocrx_word' id='word_1_229' title='bbox 825 3473 959 3529; x_wconf 89' lang='lat' dir='ltr'>umbram</span> 
     </span>
    </p>

    <p class='ocr_par' dir='ltr' id='par_1_33' title="bbox 181 3560 1165 3632">
     <span class='ocr_line' id='line_1_35' title="bbox 181 3560 1165 3632; baseline 0.004 -12"><span class='ocrx_word' id='word_1_230' title='bbox 181 3562 325 3632; x_wconf 89' lang='lat' dir='ltr'>Stridens,</span> <span class='ocrx_word' id='word_1_231' title='bbox 342 3581 399 3619; x_wconf 91' lang='lat' dir='ltr'>nec</span> <span class='ocrx_word' id='word_1_232' title='bbox 414 3560 493 3619; x_wconf 92' lang='lat' dir='ltr'>dulci</span> <span class='ocrx_word' id='word_1_233' title='bbox 507 3561 636 3619; x_wconf 88' lang='lat' dir='ltr'>declinat</span> <span class='ocrx_word' id='word_1_234' title='bbox 650 3563 761 3620; x_wconf 91' lang='lat' dir='ltr'>lumina</span> <span class='ocrx_word' id='word_1_235' title='bbox 775 3583 887 3623; x_wconf 91' lang='lat' dir='ltr'>somno.</span> <span class='ocrx_word' id='word_1_236' title='bbox 1110 3566 1165 3624; x_wconf 78' lang='lat'>185</span> 
     </span>
    </p>

    <p class='ocr_par' dir='ltr' id='par_1_34' title="bbox 179 3656 913 3732">
     <span class='ocr_line' id='line_1_36' title="bbox 179 3656 913 3732; baseline 0.005 -18"><span class='ocrx_word' id='word_1_237' title='bbox 179 3656 264 3715; x_wconf 88' lang='lat' dir='ltr'>Luce</span> <span class='ocrx_word' id='word_1_238' title='bbox 279 3656 362 3714; x_wconf 85' lang='lat' dir='ltr'>sedet</span> <span class='ocrx_word' id='word_1_239' title='bbox 377 3665 488 3729; x_wconf 86' lang='lat' dir='ltr'>custos,</span> <span class='ocrx_word' id='word_1_240' title='bbox 506 3665 557 3716; x_wconf 93' lang='lat' dir='ltr'>aut</span> <span class='ocrx_word' id='word_1_241' title='bbox 570 3658 676 3716; x_wconf 89' lang='lat' dir='ltr'>summi</span> <span class='ocrx_word' id='word_1_242' title='bbox 689 3659 817 3717; x_wconf 91' lang='lat' dir='ltr'>culmine</span> <span class='ocrx_word' id='word_1_243' title='bbox 831 3659 913 3732; x_wconf 89' lang='lat' dir='ltr'>tecti,</span> 
     </span>
    </p>

    <p class='ocr_par' dir='ltr' id='par_1_35' title="bbox 178 3749 926 3830">
     <span class='ocr_line' id='line_1_37' title="bbox 178 3749 926 3830; baseline 0.004 -21"><span class='ocrx_word' id='word_1_244' title='bbox 178 3749 327 3809; x_wconf 83' lang='lat' dir='ltr'>Turribus</span> <span class='ocrx_word' id='word_1_245' title='bbox 343 3760 394 3808; x_wconf 89' lang='lat' dir='ltr'>aut</span> <span class='ocrx_word' id='word_1_246' title='bbox 408 3751 485 3823; x_wconf 88' lang='lat' dir='ltr'>altis,</span> <span class='ocrx_word' id='word_1_247' title='bbox 504 3760 533 3810; x_wconf 87' lang='lat' dir='ltr'>et</span> <span class='ocrx_word' id='word_1_248' title='bbox 546 3772 671 3830; x_wconf 82' lang='lat' dir='ltr'>magnas</span> <span class='ocrx_word' id='word_1_249' title='bbox 684 3753 800 3811; x_wconf 90' lang='lat' dir='ltr'>territat</span> <span class='ocrx_word' id='word_1_250' title='bbox 815 3756 905 3812; x_wconf 86' lang='lat' dir='ltr'>urbes</span> <span class='ocrx_word' id='word_1_251' title='bbox 918 3773 926 3824; x_wconf 91' lang='lat'>;</span> 
     </span>
    </p>

    <p class='ocr_par' dir='ltr' id='par_1_36' title="bbox 178 3842 919 3922">
     <span class='ocr_line' id='line_1_38' title="bbox 178 3842 919 3922; baseline 0.004 -20"><span class='ocrx_word' id='word_1_252' title='bbox 178 3842 256 3902; x_wconf 83' lang='lat' dir='ltr'>Tam</span> <span class='ocrx_word' id='word_1_253' title='bbox 271 3843 332 3901; x_wconf 89' lang='lat' dir='ltr'>ficti</span> <span class='ocrx_word' id='word_1_254' title='bbox 350 3845 493 3921; x_wconf 90' lang='lat' dir='ltr'>pravique</span> <span class='ocrx_word' id='word_1_255' title='bbox 508 3855 607 3916; x_wconf 86' lang='lat' dir='ltr'>tenax,</span> <span class='ocrx_word' id='word_1_256' title='bbox 626 3846 714 3922; x_wconf 76' lang='lat' dir='ltr'>quam</span> <span class='ocrx_word' id='word_1_257' title='bbox 729 3847 831 3904; x_wconf 92' lang='lat' dir='ltr'>nuntia</span> <span class='ocrx_word' id='word_1_258' title='bbox 846 3847 919 3906; x_wconf 84' lang='lat' dir='ltr'>reri.</span> 
     </span>
    </p>

    <p class='ocr_par' dir='ltr' id='par_1_37' title="bbox 179 3936 947 4018">
     <span class='ocr_line' id='line_1_39' title="bbox 179 3936 947 4018; baseline 0.001 -20"><span class='ocrx_word' id='word_1_259' title='bbox 179 3936 260 3998; x_wconf 78' lang='lat' dir='ltr'>Hoec</span> <span class='ocrx_word' id='word_1_260' title='bbox 273 3946 334 3996; x_wconf 91' lang='lat' dir='ltr'>tum</span> <span class='ocrx_word' id='word_1_261' title='bbox 353 3939 506 4016; x_wconf 87' lang='lat' dir='ltr'>multiplici</span> <span class='ocrx_word' id='word_1_262' title='bbox 525 3941 647 4017; x_wconf 88' lang='lat' dir='ltr'>populos</span> <span class='ocrx_word' id='word_1_263' title='bbox 661 3959 797 3998; x_wconf 89' lang='lat' dir='ltr'>sermone</span> <span class='ocrx_word' id='word_1_264' title='bbox 812 3942 947 4018; x_wconf 89' lang='lat' dir='ltr'>replebat</span> 
     </span>
    </p>

    <p class='ocr_par' dir='ltr' id='par_1_38' title="bbox 179 4029 1166 4109">
     <span class='ocr_line' id='line_1_40' title="bbox 179 4029 1166 4109; baseline 0.001 -17"><span class='ocrx_word' id='word_1_265' title='bbox 179 4029 336 4102; x_wconf 87' lang='lat' dir='ltr'>Gaudens,</span> <span class='ocrx_word' id='word_1_266' title='bbox 353 4041 382 4088; x_wconf 89' lang='lat' dir='ltr'>et</span> <span class='ocrx_word' id='word_1_267' title='bbox 397 4032 508 4109; x_wconf 89' lang='lat' dir='ltr'>pariter</span> <span class='ocrx_word' id='word_1_268' title='bbox 522 4032 600 4090; x_wconf 83' lang='lat' dir='ltr'>facta</span> <span class='ocrx_word' id='word_1_269' title='bbox 615 4043 705 4109; x_wconf 92' lang='lat' dir='ltr'>atque</span> <span class='ocrx_word' id='word_1_270' title='bbox 720 4032 829 4091; x_wconf 85' lang='lat' dir='ltr'>inlecta</span> <span class='ocrx_word' id='word_1_271' title='bbox 845 4037 991 4093; x_wconf 88' lang='lat' dir='ltr'>canebat:</span> <span class='ocrx_word' id='word_1_272' title='bbox 1110 4037 1166 4093; x_wconf 83' lang='lat'>190</span> 
     </span>
    </p>

    <p class='ocr_par' dir='ltr' id='par_1_39' title="bbox 180 4123 942 4204">
     <span class='ocr_line' id='line_1_41' title="bbox 180 4123 942 4204; baseline -0.001 -18"><span class='ocrx_word' id='word_1_273' title='bbox 180 4123 312 4186; x_wconf 88' lang='lat' dir='ltr'>Venisse</span> <span class='ocrx_word' id='word_1_274' title='bbox 326 4126 461 4198; x_wconf 87' lang='lat' dir='ltr'>AEnean,</span> <span class='ocrx_word' id='word_1_275' title='bbox 478 4126 610 4203; x_wconf 87' lang='lat' dir='ltr'>Trojano</span> <span class='ocrx_word' id='word_1_276' title='bbox 625 4146 643 4184; x_wconf 88' lang='lat' dir='ltr'>a</span> <span class='ocrx_word' id='word_1_277' title='bbox 656 4127 803 4204; x_wconf 82' lang='lat' dir='ltr'>sanguine</span> <span class='ocrx_word' id='word_1_278' title='bbox 817 4138 942 4199; x_wconf 85' lang='lat' dir='ltr'>cretum,</span> 
     </span>
    </p>
   </div>
   <div class='ocr_carea' id='block_1_3' title="bbox 0 0 1351 5122">
    <p class='ocr_par' dir='ltr' id='par_1_40' title="bbox 0 0 1351 5122">
     <span class='ocr_line' id='line_1_42' title="bbox 0 0 1351 5122; baseline 0 0"><span class='ocrx_word' id='word_1_279' title='bbox 0 0 1351 5122; x_wconf 95' lang='lat' dir='ltr'> </span> 
     </span>
    </p>
   </div>
  </div>
 </body>
</html>
