2692 5122
1263 356 1268 363 ι

391 374 396 379 .
567 374 573 381 ι

741 521 744 531 ι

513 778 687 826 meinos
711 780 781 827 ΗΒ.
796 782 825 828 V.

175 915 253 975 Hoc
267 915 319 974 ubi
333 914 424 987 diota,
440 924 541 993 petunt
555 927 669 995 portus,
684 925 715 976 et
728 919 795 976 vele
807 919 932 977 secundi

176 1007 335 1068 lntendunt
351 1008 482 1086 Zephyri
498 1029 506 1078 ;
530 1010 624 1068 fertur
637 1011 697 1068 cita
710 1013 828 1089 gurgite
843 1012 970 1081 classis;
1005 1067 1009 1071 .

176 1101 214 1161 bt
226 1102 346 1161 tandem
361 1102 421 1162 lmti
435 1112 512 1163 uotae
527 1103 721 1162 advertuntur
734 1125 843 1163 areum.

212 1197 253 1255 At
267 1195 372 1274 procul
387 1196 506 1255 excelso
520 1197 643 1255 miratus
657 1198 769 1256 vertice
787 1199 894 1257 montis
1119 1199 1159 1257 85

174 1290 344 1351 Adventum
358 1291 515 1368 sociasque
530 1301 622 1363 retes,
638 1293 769 1351 occurrit
782 1296 921 1365 Acestes,

175 1384 325 1443 Horridus
339 1385 369 1442 in
386 1385 495 1461 jaculis
509 1395 539 1444 et
552 1386 629 1462 pelle
643 1385 806 1463 Libystidis
820 1406 897 1445 ursas
911 1405 919 1456 ;

165 1478 268 1549 ΙΤτοῑιι
283 1477 413 1538 Crimiso
427 1487 604 1556 conceptum
617 1479 737 1537 flumine
751 1489 845 1538 mater

176 1571 274 1639 Quem
289 1573 401 1650 genuit.
444 1573 588 1631 Veterum
602 1593 660 1631 uon
675 1573 827 1631 immemor
841 1574 889 1633 ille
904 1558 1067 1651 parentiam,

174 1664 322 1725 Gestatur
336 1665 464 1724 reduces
478 1685 486 1735 ;
509 1674 539 1723 et
553 1664 631 1743 gard
645 1666 730 1723 laetus
744 1666 857 1743 agresti
1119 1667 1160 1725 40

175 1757 305 1836 Excipit,
322 1777 358 1816 ac
372 1758 467 1817 sessos
480 1759 585 1835 opibus
599 1759 712 1817 solatur
730 1759 872 1855 amicis,

214 1850 342 1910 Postera
357 1871 446 1929 quum
461 1851 554 1928 primo
568 1852 671 1909 stellas
683 1851 797 1909 oriente
812 1849 931 1930 fugitat

176 1944 271 2004 Clara
283 1942 358 2014 dies,
374 1945 472 2002 socios
486 1945 515 2002 in
529 1953 640 2003 coetum
654 1945 751 2003 littore
766 1946 803 2002 ab
817 1945 896 2003 omni

175 2036 311 2096 Advocat
325 2037 454 2109 AEneas,
471 2038 634 2114 tumulique
648 2057 685 2095 es
701 2057 814 2115 eggere
828 2038 926 2096 satur:

175 2129 359 2191 Dardanidas
373 2131 482 2209 magni,
497 2151 593 2209 genus
607 2131 667 2189 ulto
680 2150 699 2189 o
712 2131 857 2209 sanguine
871 2129 981 2204 divirm,
1119 2132 1160 2190 4⁵

176 2225 302 2282 Annuus
316 2224 429 2283 exectis
442 2225 607 2302 completur
620 2225 771 2282 mensibus
784 2225 875 2297 orbis,

176 2317 225 2376 Ex
238 2336 297 2393 quo
310 2306 452 2393 reliquias
466 2318 615 2393 divinique
630 2337 699 2375 ossa
713 2318 845 2394 porentia

177 2409 371 2470 Condidimus
384 2409 477 2480 terrai,
493 2423 675 2486 moestasque
691 2411 873 2468 sacravimus
886 2429 965 2469 aras.
997 2455 1000 2461 .

177 2504 304 2580 Jomque
319 2503 393 2574 dies,
410 2504 440 2561 ni
454 2504 551 2574 fallor,
567 2503 661 2573 adest,
679 2522 767 2578 quem
781 2522 899 2579 semper
912 2503 1064 2575 acerbum,

177 2598 301 2673 Semper
315 2597 491 2655 honoratum
507 2596 565 2674 (sic
579 2595 609 2653 di
625 2595 772 2672 voluistis)
787 2595 913 2653 habebo.
1121 2597 1161 2655 50

92 2712 102 2728 ·
177 2688 270 2748 Hunc
284 2709 351 2768 ego,
365 2690 493 2749 Gaetulis
508 2708 630 2766 agerem
644 2689 669 2746 si
684 2689 821 2765 Syrtibus
834 2689 928 2761 exsul,

178 2783 356 2860 Argolicove
371 2783 445 2841 mari
458 2782 632 2859 deprensus,
649 2790 677 2840 et
693 2784 765 2840 urbe
780 2781 929 2859 Mycenas,

178 2877 287 2934 Annua
300 2884 369 2934 vota
381 2886 479 2934 tamen
493 2877 700 2952 solemnesque
715 2876 817 2934 ordine
832 2896 953 2954 pompas

178 2969 380 3045 Exsequerer,
395 2978 600 3046 strueremque
615 2970 677 3026 suis
691 2969 796 3027 altaria
809 2970 903 3030 donis.

179 3062 269 3122 Nunc
284 3063 361 3121 ultro
376 3063 413 3120 ad
427 3063 543 3121 cineres
558 3063 650 3140 ipsius
664 3072 693 3120 et
708 3082 777 3120 ossa
790 3063 932 3140 parentis,
1120 3065 1161 3122 5⁶

178 3155 271 3214 Haud
286 3156 422 3232 equidem
436 3157 499 3214 siue
515 3165 622 3226 mente,
640 3175 717 3226 reor,
734 3156 798 3235 sine
812 3156 931 3214 numine
945 3152 1053 3230 dietim,
1119 3186 1122 3193 ·

179 3250 341 3320 Adsumus,
356 3258 386 3308 et
400 3258 501 3327 portus
515 3250 605 3307 delati
619 3249 761 3307 intramus
776 3249 897 3307 amicos.

180 3342 264 3421 Ergo
278 3343 368 3421 agite,
386 3351 415 3400 et
429 3343 529 3401 laetum
543 3342 643 3400 cuncti
657 3342 843 3400 celebremus
856 3341 1019 3399 honorem:

179 3434 343 3494 Poscamus
357 3445 471 3506 ventos,
487 3444 576 3510 atque
591 3434 656 3492 baec
670 3453 716 3491 me
730 3453 819 3491 sacru
833 3433 991 3509 quotannis

180 3527 262 3587 Urbe
277 3529 346 3586 velit
360 3527 456 3606 positi
469 3527 585 3604 templis
599 3527 655 3584 sibi
669 3527 747 3584 serre
761 3526 876 3583 dicetis.
1123 3529 1162 3585 60

180 3620 257 3679 Bina
270 3623 360 3679 boum
372 3622 456 3679 vobis
470 3618 565 3695 Trojd
577 3628 739 3696 generatus
754 3620 879 3677 Acestes

181 3713 242 3773 Dat
256 3734 378 3773 numero
392 3715 491 3792 capita
504 3714 534 3771 in
548 3732 662 3772 naves:
686 3712 822 3771 adhibete
836 3713 967 3772 Penates

180 3806 222 3865 Et
236 3807 347 3885 patrios
360 3807 466 3884 epulis,
482 3815 511 3865 et
526 3827 601 3884 quos
614 3806 684 3864 colit
696 3806 804 3882 hospes
818 3807 954 3866 Acestes.

180 3899 344 3970 Praeterea,
360 3900 384 3958 si
400 3919 478 3958 none
491 3900 569 3958 diem
584 3899 757 3958 mortalibus
771 3899 880 3959 ulmum
944 3900 947 3905 ’

180 3994 300 4053 Aurora
313 3993 461 4064 extulerit,
477 3993 627 4070 radiisque
640 3992 781 4050 retexerit
796 3993 907 4064 orbem,
1125 3995 1163 4052 65

181 4084 283 4144 Primo
297 4086 362 4144 citae
378 4085 503 4144 Teucris
517 4105 624 4164 ponam
639 4084 802 4143 certamino
817 4085 943 4143 classis:

183 4177 304 4254 Quique
318 4178 425 4256 pedum
441 4199 529 4237 eursu
546 4179 635 4250 valet,
652 4186 681 4236 et
696 4178 747 4254 qui
761 4177 872 4235 viribus
886 4178 993 4249 audax,

181 4271 243 4330 Aut
259 4270 363 4345 jaculo
377 4271 487 4329 incedit
500 4271 604 4329 melior
617 4271 791 4346 levibusque
806 4270 933 4348 sagittis,

185 4363 244 4420 Seu
259 4363 352 4421 crudo
367 4364 428 4422 fidit
442 4383 572 4442 pugnam
587 4363 768 4421 committere
783 4372 875 4422 caestu
890 4383 897 4420 :

184 4454 295 4515 Cuncti
310 4456 417 4529 adsint,
433 4457 606 4533 meritaeque
621 4466 795 4534 exspectent
809 4457 930 4535 praemia
943 4455 1058 4536 palmer.
1127 4457 1166 4515 ⁷0

184 4546 246 4606 Ore
261 4548 359 4607 favete
373 4569 486 4622 omnes,
502 4559 532 4608 et
545 4560 679 4629 tempora
692 4549 802 4628 cingite
816 4550 915 4609 ramis.
