2692 5122
433 784 658 833 unonutcon
677 787 747 835 ΜΚ
762 789 799 836 11.

143 923 307 996 Fraxinus,
322 921 549 1002 Herculemque
566 927 656 984 arbos
670 929 810 986 umbrosa
824 946 954 1001 corone,

147 1019 338 1095 Chaoniique
351 1018 444 1095 patris
457 1018 584 1096 glandes
597 1039 605 1089 3
629 1021 718 1078 etiam
733 1021 828 1080 ardua
841 1022 941 1099 palma

145 1113 301 1184 Nascitur,
318 1119 348 1169 et
362 1130 452 1170 casua
467 1112 550 1170 abies
563 1113 665 1171 visura
678 1115 818 1174 marinos.

145 1207 293 1267 Inseritur
305 1205 378 1264 verb
392 1214 423 1264 et
437 1206 511 1265 loetu
526 1208 612 1265 nucis
626 1209 750 1266 arbutus
764 1209 905 1280 horrida:

143 1300 184 1360 n:
198 1301 317 1360 steriles
331 1299 443 1378 platani
457 1301 551 1359 malos
563 1299 688 1379 gessere
702 1303 856 1372 valentes:
1095 1307 1135 1365 70

146 1393 308 1455 Castanea
323 1394 422 1472 sagus,
438 1412 588 1471 ornusque
603 1395 735 1453 incanuit
749 1396 819 1454 albo

144 1487 235 1549 Flore
250 1488 306 1566 piri
322 1507 331 1559 ;
354 1488 552 1567 glandemque
567 1508 639 1547 sues
652 1488 771 1566 fregire
786 1490 842 1547 sub
856 1489 954 1549 ulmis.

183 1585 213 1644 N
215 1604 252 1643 ec
265 1583 371 1642 modus
384 1584 528 1655 inserere,
544 1592 635 1660 atque
650 1584 753 1642 oculos
768 1585 929 1661 imponere,
945 1583 1091 1664 simplex:

145 1677 175 1738 N
177 1697 225 1736 am
241 1676 303 1754 qui
316 1696 349 1735 se
362 1676 460 1735 medio
473 1677 595 1734 trudunt
609 1676 646 1734 de
661 1678 773 1735 cortice
789 1694 924 1754 gemmae,

144 1771 186 1830 Et
199 1779 306 1830 tenues
319 1779 458 1848 rumpunt
472 1770 599 1841 tunicas,
617 1778 762 1848 angustus
776 1770 806 1827 in
821 1770 887 1846 ipso
1095 1772 1134 1830 'ld

146 1863 196 1922 Fit
211 1863 289 1922 nodo
300 1864 405 1933 sinus3
430 1864 488 1921 buc
502 1862 602 1921 alieni
615 1882 652 1920 ex
667 1865 773 1921 arbore
788 1881 912 1940 germen

146 1956 314 2028 Includunt,
332 1956 450 2032 udoque
464 1955 571 2014 docent
585 1956 750 2014 inolescere
764 1956 851 2014 libro.

145 2051 207 2110 Aut
220 2069 339 2108 rursum
353 2050 464 2107 euodes
478 2051 574 2108 trunci
588 2058 774 2121 resecantur,
791 2057 820 2106 et
835 2048 894 2107 altd

144 2143 285 2202 Finditur
297 2143 328 2200 in
343 2143 467 2200 solidum
481 2143 585 2200 cuneis
599 2143 647 2201 vin
662 2161 670 2211 ;
694 2142 800 2200 deinde
817 2142 934 2201 feraces

146 2234 261 2295 Plantm
274 2235 472 2294 immittuntur
487 2255 494 2293 ε
517 2255 573 2294 nec
587 2236 708 2313 longum
721 2246 850 2314 tempus,
867 2244 897 2294 et
911 2237 1018 2316 ingens

144 2329 225 2389 Exiit
239 2330 277 2388 ad
291 2329 401 2388 coelum
420 2330 511 2386 ramis
525 2329 661 2387 felicibus
675 2331 775 2400 arbos,

70 2480 76 2489 ,
145 2422 333 2499 Miraturque
347 2441 441 2481 novas
455 2421 575 2480 frondes
589 2429 618 2478 et
632 2440 691 2478 non
705 2440 761 2479 sua
774 2441 871 2498 poma.

183 2517 335 2576 Praeterea
348 2535 447 2594 genus
461 2515 538 2572 baud
554 2533 654 2584 unum,
672 2533 727 2571 nec
741 2514 866 2572 fortibus
880 2515 977 2586 ulmis,

146 2609 211 2669 Nec
224 2611 320 2681 salici,
336 2611 469 2685 lotoque,
485 2627 583 2684 neque
599 2605 687 2665 Idaeis
700 2607 885 2684 cyparissis:

145 2703 211 2762 Nec
225 2704 352 2782 pingues
367 2721 456 2761 unam
472 2702 500 2759 in
516 2702 623 2759 faciem
637 2709 801 2758 nascuntur
814 2701 911 2772 olivae,

146 2796 312 2868 Orcbades,
328 2805 358 2854 et
372 2796 457 2866 radii,
475 2803 503 2852 et
518 2794 620 2851 amari
633 2795 738 2870 pausia
752 2793 858 2866 bacci,

145 2889 308 2967 Pomaque,
323 2898 352 2947 et
368 2889 487 2947 Alcinoi
504 2887 586 2945 silvae
603 2907 611 2956 ;
634 2906 691 2945 nec
705 2888 844 2945 surculus
858 2887 936 2947 idem

147 2981 327 3042 Crustumiis
341 2983 494 3059 Syriisque
513 2982 594 3058 piris,
610 2981 812 3058 gravibusque
827 2983 958 3042 volemis.

146 3074 213 3134 Non
227 3076 333 3134 eadem
348 3076 503 3133 arboribus
519 3075 625 3152 pendet
640 3075 787 3133 vindemie
800 3075 921 3147 nostris,

146 3167 244 3236 Quam
260 3168 465 3245 Methymnaeo
480 3169 574 3246 carpit
589 3168 625 3225 de
640 3169 758 3245 palmite
772 3168 910 3227 Lesbos:

147 3262 219 3319 Sunt
232 3262 355 3321 Thasie
369 3263 455 3332 vites,
473 3271 540 3320 sunt
555 3271 584 3319 et
600 3260 787 3319 Mareotides
802 3263 877 3320 nlbae
895 3281 903 3331 ;

145 3353 311 3432 Pinguibus
325 3355 370 3413 hae
384 3355 472 3413 terris
486 3356 612 3424 habiles,
628 3355 788 3412 levioribus
801 3355 881 3412 illae:

144 3445 184 3504 Et
198 3467 287 3524 passo
301 3447 415 3506 Psithia
429 3448 539 3518 utilior,
554 3447 713 3521 tenuisque
726 3446 860 3523 Lageos,

145 3540 312 3599 Tentatura
325 3541 416 3618 pedes
430 3542 510 3610 olim,
527 3541 722 3615 vincturaque
738 3539 869 3616 linguam
885 3558 893 3609 ;

145 3634 321 3711 Purpurea),
338 3635 507 3712 preciaeque
524 3642 700 3708 :et-quo
714 3641 743 3690 te
759 3633 890 3691 carmine
904 3631 1012 3705 dicam,

145 3727 284 3786 Rhaetica
300 3727 311 3783 l
336 3746 392 3786 nec
407 3728 491 3785 cellis
506 3727 573 3785 ideo
587 3727 733 3784 contende
748 3727 894 3787 Falernis.

147 3821 220 3879 Sunt
235 3829 265 3879 et
279 3821 423 3879 Aminmae
438 3821 524 3892 vites,
541 3820 709 3878 firmissime
722 3820 801 3892 vina,

145 3914 269 3975 'Iinolus
283 3923 313 3973 et
327 3916 457 3992 assurgit
473 3916 590 3990 quibus,
606 3924 635 3973 et
650 3934 702 3972 rex
721 3914 783 3991 ipse
796 3914 946 3973 Phanaeus
963 3933 971 3984 3

146 4009 318 4088 Argitisque
333 4009 438 4079 minor,
455 4009 505 4065 cui
521 4028 580 4066 non
595 4008 755 4066 certaverit
769 4008 841 4080 ulla,

147 4101 207 4160 Aut
221 4101 336 4160 tantum
350 4101 455 4172 fluere,
472 4109 522 4159 aut
536 4101 658 4159 totidem
672 4101 781 4158 durare
796 4119 849 4178 per
863 4120 966 4161 annos.
1078 4103 1134 4161 10⁰

147 4192 214 4252 Non
229 4213 285 4271 ego
298 4202 339 4267 te,
355 4193 402 4252 dis
416 4204 445 4252 et
460 4194 570 4252 mensis
585 4202 711 4271 accepta
724 4195 874 4266 secundis,

145 4285 340 4358 Transierim,
355 4287 486 4358 Rhodia,
502 4296 531 4345 et
549 4288 678 4359 tumidis,
694 4288 848 4360 Bumnste,
864 4289 1002 4348 racemis,

147 4380 206 4439 Sed
223 4401 333 4459 neque,
351 4380 439 4458 quim
453 4382 553 4440 multa:
567 4383 694 4460 species,
710 4403 767 4441 nec
781 4384 900 4442 nomine
915 4403 981 4459 quie
996 4383 1064 4455 sint,

146 4473 204 4533 Est
217 4493 359 4533 numerus
374 4493 382 4544 ;
406 4493 504 4552 neque
519 4475 598 4533 eninr
611 4495 735 4534 numero
749 4476 963 4554 comprendere
977 4477 1068 4536 refert
1083 4495 1091 4534 :

147 4566 248 4636 Quem
262 4569 313 4645 qui
326 4568 405 4628 scire
418 4569 500 4641 velit,
515 4568 624 4648 Libyci
638 4571 709 4628 velit
723 4570 851 4648 oqueris
866 4570 944 4628 idem
1079 4567 1140 4625 1062

421 4664 441 4721 5
834 4679 854 4720 c
