2692 5122
481 770 703 819 oeoaulcon
721 771 851 821 L11t1v.

217 914 239 940 “
250 907 321 967 Non
334 916 363 967 te
377 908 486 968 nullius
499 918 641 969 exercent
656 911 783 969 numinis
797 910 858 971 irae.

177 998 290 1080 lllagna
303 1002 361 1060 luis
374 1003 533 1062 commissa
547 1022 554 1061 :
575 1004 629 1062 tibi
643 1004 697 1061 has
711 1005 889 1063 miserabilis
902 1005 1043 1084 Orpheus

176 1093 420 1172 Haudquaquam
433 1098 471 1155 ob
485 1097 623 1155 meritum
637 1117 752 1176 poenas,
769 1099 800 1156 ni
813 1099 874 1156 fata
887 1099 1038 1172 resistant,
1101 1101 1161 1160 466

178 1188 317 1260 Suscitat,
332 1197 362 1247 et
375 1188 463 1267 rapta
476 1190 609 1268 graviter
622 1210 675 1268 pro
689 1191 817 1268 conjuge
829 1193 922 1250 sarit.

177 1279 230 1338 Illa
246 1281 375 1357 quidem,
391 1281 460 1341 dum
473 1291 503 1341 te
517 1283 635 1361 sugeret
650 1284 837 1361 perflamine
856 1304 1001 1364 praeceps,

176 1372 338 1433 Immanem
353 1383 420 1433 ante
435 1375 527 1454 pedes
540 1377 666 1454 hydrum
679 1379 822 1436 moritura
836 1379 935 1456 puella

145 1478 149 1485 '
176 1468 350 1525 Servantem
363 1469 443 1546 ripas
458 1468 519 1527 alta
538 1490 597 1528 non
611 1470 682 1529 vidit
696 1471 725 1529 in
739 1470 843 1531 herbd.

175 1560 212 1619 At
226 1560 337 1619 chorus
351 1563 476 1638 aequalis
488 1563 644 1640 Dryadum
659 1564 789 1622 clamore
804 1583 959 1642 supremos

175 1650 337 1730 Implerunt
351 1663 487 1714 montes:
509 1654 617 1715 flerunt
630 1656 817 1734 Rhodopeiae
832 1676 930 1728 arces,

174 1745 304 1822 Altaque
319 1746 459 1827 Pangaea,
475 1758 505 1807 et
519 1749 614 1807 Rhesi
627 1749 777 1808 Mavortia
790 1750 889 1821 tellus,

175 1839 274 1915 Atque
287 1839 386 1913 Getae,
402 1850 492 1918 atque
506 1842 642 1912 Hebrus,
656 1854 687 1901 et
698 1844 804 1902 Actias
817 1843 965 1921 Orithyia.

175 1930 254 2008 lpse,
270 1932 347 1992 card
359 1935 460 1993 solans
474 1955 586 2014 aegrum
599 1937 747 1995 testudine
762 1955 902 2012 amorem,
966 1965 968 1969 ·

173 2023 231 2096 Te,
248 2025 343 2084 dulcis
357 2029 476 2104 conjux,
491 2037 520 2087 te
535 2030 598 2087 eolo
612 2030 642 2088 in
655 2030 753 2088 littore
767 2049 881 2102 secum,

174 2116 219 2175 Te
234 2119 371 2178 veniente
386 2120 444 2192 die,
459 2130 489 2179 te
503 2121 677 2193 decedente,
693 2124 828 2182 canebat.

173 2209 331 2271 Taenarias
345 2214 434 2272 etiam
448 2215 561 2287 fauces,
578 2215 639 2273 alta
652 2216 729 2275 ostia
742 2216 832 2287 Ditis,

175 2303 216 2362 Et
230 2306 409 2384 caligantem
423 2307 510 2386 nigra
523 2308 677 2367 formidine
691 2310 801 2380 lucum,

177 2396 344 2476 Ingressus,
361 2399 532 2476 Manesque
548 2400 629 2472 adiit,
644 2419 806 2479 regemque
820 2401 1017 2473 tremendum,

175 2489 347 2569 Nesciaque
361 2492 498 2552 humanis
512 2494 650 2570 precibus
663 2512 873 2552 mansuescere
888 2494 989 2554 corda.

214 2586 253 2643 At
267 2595 357 2644 cantu
373 2595 527 2644 commotae
541 2586 635 2644 Erebi
649 2586 686 2643 de
701 2586 822 2644 sedibus
836 2587 902 2645 imis

175 2675 293 2738 Umbrae
308 2679 391 2737 ibant
404 2689 521 2750 tenues,
536 2680 756 2756 simulacraque
771 2680 838 2737 luce
852 2677 1027 2751 carentiam

176 2769 274 2837 Quam
287 2774 381 2830 multa
394 2773 423 2830 in
437 2772 514 2831 toliis
529 2773 626 2832 avium
641 2791 674 2830 se
688 2774 778 2831 millia
791 2773 931 2844 condunt,

136 2920 142 2928 ,
175 2864 293 2944 Vesper
307 2866 358 2924 ubi
372 2874 423 2924 aut
436 2866 578 2924 hibernus
593 2866 654 2944 agit
669 2866 705 2924 de
719 2867 866 2924 montibus
884 2867 999 2926 imber:

175 2959 300 3032 Matres,
316 2969 407 3037 atque
421 2961 486 3032 viri,
503 2961 704 3039 defunctaque
718 2982 845 3040 corpora
859 2961 920 3020 vitai

176 3055 401 3135 Magnanimfim
413 3057 546 3128 heroum,
563 3058 659 3136 pueri,
677 3058 865 3136 innuptaeque
880 3059 998 3136 puellm,

178 3149 368 3228 impositique
382 3151 464 3228 mgis
473 3150 600 3226 juvenes
615 3160 682 3209 ante
697 3171 751 3209 ora
766 3148 942 3229 parentiam3

178 3243 262 3311 Quos
276 3243 390 3301 circium
404 3244 490 3302 limus
504 3246 600 3322 niger,
616 3253 646 3302 et
661 3244 800 3302 deformis
814 3245 928 3303 arundo

179 3336 297 3415 Cocyti,
312 3335 459 3413 tardique
475 3339 559 3415 palus
573 3338 741 3395 inamabilis
755 3337 835 3396 undd

175 3431 301 3510 Alligat,
317 3440 347 3490 et
360 3432 464 3489 novies
478 3433 551 3508 Styx
566 3431 710 3489 interfusa
723 3434 853 3491 coercet.

178 3524 257 3592 Quin
273 3525 344 3602 ipsae
358 3522 501 3602 stupuere
515 3523 630 3594 domus,
647 3532 735 3597 atque
750 3524 852 3581 intima
864 3522 934 3580 Leti

176 3619 317 3689 Tartara,
333 3619 539 3693 caeruleosque
554 3618 687 3694 implexae
703 3618 834 3675 crinibus
849 3636 964 3695 angues

176 3712 369 3782 Eumenides,
385 3712 539 3787 tenuitque
554 3711 671 3769 inhians
683 3712 742 3769 tria
757 3710 910 3770 Cerberus
924 3730 987 3784 nra,

177 3808 275 3882 Atque
290 3806 396 3864 Ixionii
410 3815 498 3865 vento
513 3815 578 3864 rota
592 3807 722 3864 constitit
736 3806 825 3865 orbis.

176 3900 305 3976 Jamque
320 3899 423 3977 pedem
438 3900 572 3958 reserens
586 3919 675 3957 casus
690 3909 827 3958 evaserat
842 3918 954 3972 omnes,
1100 3899 1160 3957 485

177 3993 366 4069 Redditaque
381 3992 533 4069 Eurydice
548 4012 673 4071 superas
688 3994 824 4052 veniebat
837 3993 875 4051 ad
889 4012 990 4063 auras,

177 4085 258 4145 Pone
273 4105 403 4163 sequens
417 4104 424 4154 ;
449 4105 576 4163 namque
590 4087 666 4145 banc
680 4085 801 4144 dederat
815 4085 994 4163 Proserpina
1008 4085 1107 4165 legem
1120 4101 1128 4154 ;

179 4180 279 4248 Quum
293 4181 393 4238 subita
407 4181 558 4239 incautum
572 4180 719 4238 dementia
733 4180 811 4256 cepit
825 4188 983 4252 amantem,

179 4274 367 4354 ignoscenda
381 4275 508 4351 quidem,
525 4276 635 4333 scirent
649 4276 674 4334 ei
689 4276 845 4352 ignoscere
859 4273 977 4333 Manes.

179 4369 310 4440 Restitit,
326 4369 558 4446 Eurydicenque
572 4388 657 4427 suam
674 4370 736 4445 jam
754 4369 821 4426 luce
836 4369 891 4425 sub
904 4365 981 4445 ipsi,
1100 4367 1161 4425 490

180 4461 346 4533 Immemor,
362 4463 421 4520 heu
437 4466 444 4520 !
466 4464 621 4538 victusque
636 4463 735 4533 animi,
751 4461 890 4538 respexit.
933 4460 980 4519 lbi
993 4458 1088 4519 omnis

178 4555 301 4615 Effueus
315 4558 408 4628 labor,
425 4565 513 4635 atque
526 4557 643 4615 immitis
658 4565 744 4634 rupta
758 4555 875 4633 tyranni
