2692 5122
394 736 434 802 P.
467 736 718 803 vraorurr
747 736 997 805 uramus

509 918 628 1009 AEN
642 918 878 1010 EIDOS

582 1113 753 1172 LIBER
780 1113 810 1173 1.

200 1358 254 1420 Itte
268 1380 331 1439 ogo,
347 1361 395 1440 qui
409 1362 558 1441 quondam,
572 1364 681 1443 gracili
694 1363 852 1423 modulator
865 1364 955 1423 arcad

206 1455 337 1527 Gomorra,
354 1464 389 1530 ct,
405 1478 534 1536 egrcaoaa
548 1457 637 1530 nitrio,
654 1458 748 1516 ricino
762 1459 843 1536 coigi

206 1547 243 1609 Ut
256 1549 381 1628 quamvis
396 1550 479 1609 arido
491 1559 624 1630 parerent
637 1572 708 1609 arva
722 1552 817 1610 colono
830 1571 840 1619 ‚¹

205 1641 326 1702 θναίαιιι
340 1664 409 1723 opor
423 1644 578 1723 agricolis:
600 1652 629 1703 at
642 1665 714 1703 nanc
728 1645 871 1703 horrentia
884 1643 992 1703 Martia

201 1813 301 1875 Aaou
315 1817 470 1894 virumque
484 1838 572 1890 cano,
587 1819 688 1895 Trojae
704 1818 754 1895 qui
769 1819 880 1896 primus
894 1818 930 1875 ab
945 1816 1006 1875 oria

203 1908 332 1982 Italiam,
349 1911 409 1969 sato
424 1911 578 1989 profugus,
593 1911 722 1971 Lavinia
736 1913 815 1970 venit

201 2002 327 2064 Littora.
369 2004 498 2063 Multirm
518 2005 567 2063 ille
582 2015 610 2064 et
625 2007 713 2064 torris
730 2006 862 2080 jactatus
877 2013 905 2062 et
921 2004 992 2075 alto,

202 2094 246 2157 Vi
260 2097 418 2177 Superirm,
433 2120 522 2159 aava)
535 2120 697 2160 memorem
709 2100 838 2159 Juuonie
856 2100 893 2157 ob
909 2098 993 2157 iram.

202 2190 300 2251 Multa
315 2213 434 2271 quoque
449 2207 478 2252 et
492 2195 571 2253 bello
585 2214 703 2273 pareus,
720 2193 788 2251 dum
803 2193 945 2251 conderet
960 2179 1088 2262 urbem?
1172 2189 1192 2248 5

130 2360 133 2365 Ι
204 2285 391 2364 inferretque
406 2287 479 2345 deos
492 2287 581 2346 Latio
594 2306 601 2344 τ
623 2307 720 2365 genua
735 2286 812 2345 unde
825 2286 977 2355 Latinum,
1047 2298 1061 2319 ’

203 2380 373 2458 Albanique
389 2390 498 2459 patres,
515 2389 606 2456 atque
621 2381 689 2438 alter
704 2380 815 2438 moenia
828 2379 944 2437 Romae.

243 2474 343 2547 Musa,
359 2475 430 2533 mihi
444 2493 553 2532 causas
567 2492 709 2543 memora,
727 2492 786 2549 quo
801 2472 918 2531 numine
934 2473 1016 2544 laeso,

204 2567 324 2636 Quidve
339 2568 452 2639 dolena,
469 2567 574 2645 regina
588 2563 675 2623 deirur
690 2574 732 2623 tot
746 2566 866 2623 volvere
882 2584 970 2623 carue

205 2662 356 2741 Insignem
372 2662 481 2739 pietate
497 2661 602 2730 virum,
619 2668 661 2717 tot
676 2659 758 2717 adire
773 2659 891 2716 labores

205 2755 379 2833 Impulerit:
400 2762 531 2813 tantaenc
546 2751 652 2811 animis
668 2753 842 2811 coeleetibus
856 2752 928 2810 irae!

243 2848 324 2908 Urbs
338 2849 461 2926 antiqua
475 2848 539 2919 suit,
556 2845 641 2924 Tyrii
655 2845 780 2905 tenuiore
795 2845 903 2919 coloni,

205 2943 373 3022 Carthago,
390 2942 509 3001 ltaliam
521 2950 626 2999 contra
639 2940 845 3016 Tiberinaque
859 2939 948 3017 longi

205 3039 303 3111 Ostia,
319 3038 402 3097 dives
417 3056 516 3115 opum,
532 3035 697 3109 studiisque
713 3033 878 3110 asperrima
892 3032 984 3102 belli;

206 3131 306 3201 Quam
320 3132 341 3190 J
343 3151 402 3189 uno
413 3132 508 3188 fertur
521 3128 610 3186 terrie
623 3127 720 3206 magis
734 3128 869 3185 omnibus
883 3146 972 3186 unam

205 3224 382 3285 Posthabito}
395 3224 525 3282 coluisse
540 3224 630 3280 Samo
641 3211 722 3311 {irio
738 3222 817 3280 illius
831 3240 924 3293 armo,

207 3317 270 3375 Hic
285 3337 392 3375 currus
406 3316 479 3373 fuit:
502 3315 558 3372 hoc
573 3300 698 3393 regriuru
713 3314 769 3372 dea
784 3314 923 3391 gentibue
936 3333 1015 3386 ease,

207 3411 239 3469 Si
254 3408 314 3486 quoi
328 3411 389 3467 fota
403 3409 510 3479 sinaut,
528 3409 666 3484 jamtum
680 3408 832 3483 tenditque
848 3407 996 3485 fovetque.

207 3504 386 3583 Progeniem
401 3502 546 3561 sedenim
559 3505 692 3580 Trojano
707 3522 726 3560 a
739 3502 885 3580 sanguina
900 3502 970 3562 duci

207 3598 364 3668 Audierat,
379 3597 490 3674 Tyrius
504 3598 573 3656 olim
588 3617 655 3674 quar
671 3606 800 3655 verteret
815 3614 924 3666 aruce3

206 3690 291 3749 Hinc
307 3690 446 3768 populum
460 3690 519 3749 loti
534 3711 648 3769 regem,
664 3690 802 3766 belloque
817 3693 989 3769 superbum,

208 3782 377 3841 Venturum
391 3784 507 3842 excidio
521 3785 626 3862 Libyae
640 3803 647 3841 :
671 3784 714 3842 eie
728 3784 849 3842 volvere
865 3782 990 3843 Parcae.

209 3876 245 3935 Id
259 3886 405 3949 metuens,
422 3877 591 3953 veterisque
607 3896 719 3936 memor
733 3878 874 3936 Saturnia
887 3876 968 3948 belli,

208 3970 309 4031 Prima
326 3970 403 4047 quod
417 3970 456 4029 ad
469 3970 591 4047 Trojam
606 3991 659 4048 pro
674 3971 752 4028 caris
765 3978 901 4049 gesserat
915 3967 1027 4046 Argia3

209 4062 349 4124 Necdum
362 4063 452 4125 etiam
465 4083 567 4123 caueae
581 4065 692 4123 irarum
707 4065 838 4141 eaevique
853 4063 971 4120 dolores
