2692 5122
485 732 711 782 ononotcon
730 735 800 782 ΜΒ.
815 735 861 782 lV.

180 872 257 935 Cum
272 872 380 950 quibua
395 872 446 931 ille
458 872 566 932 choros
579 873 656 932 lucis
669 874 802 951 agitabat
817 875 846 933 in
861 873 940 947 eltis,

178 967 310 1028 Eritium
323 963 432 1026 misire
448 968 561 1044 apibus.
604 967 653 1026 Tu
668 987 793 1026 munera
807 969 932 1046 supplex

178 1062 281 1121 Tende
297 1070 401 1139 petens
416 1081 532 1139 pacem,
548 1071 577 1120 et
593 1062 698 1120 faciles
713 1082 857 1121 venerare
877 1064 905 1121 N
908 1083 1009 1141 apaeas
1022 1083 1030 1121 t

179 1156 315 1232 Namque
331 1155 442 1213 dabunt
458 1157 575 1214 veniam
589 1157 675 1228 votis,
692 1157 812 1233 irasque
827 1157 985 1217 remittent.

179 1249 246 1321 Sed,
263 1249 368 1306 modus
382 1249 486 1307 orandi
503 1251 553 1327 qui
567 1251 614 1321 sit,
632 1251 713 1328 priits
727 1251 830 1309 ordine
845 1251 952 1311 dicam.

179 1344 317 1411 Quatuor
330 1343 454 1401 eximios
468 1345 622 1421 praestanti
637 1364 761 1422 corpore
776 1354 890 1416 tauros,

178 1438 237 1505 Qui
251 1438 305 1495 tibi
320 1457 397 1495 nunc
413 1437 515 1496 viridis
530 1438 695 1515 depascunt
710 1458 824 1496 summa
838 1439 954 1516 Lycaei,

176 1530 297 1609 Delige,
314 1540 343 1589 et
358 1530 470 1590 intacti
483 1532 605 1590 totidem
620 1533 738 1591 cervice
756 1535 914 1609 juvencas.

178 1625 316 1692 Quatuor
330 1626 376 1684 his
390 1645 460 1683 aras
475 1627 535 1683 alta
551 1627 587 1684 ad
602 1627 728 1685 delubra
742 1627 865 1685 dearum

178 1718 347 1791 Constitue,
364 1728 393 1777 et
407 1739 527 1778 sacrum
545 1721 659 1798 jugulis
673 1721 793 1779 demitte
809 1741 957 1794 cruorem,

177 1811 375 1891 Corporaquo
390 1814 454 1891 ipsa
470 1815 558 1872 boum
574 1814 712 1873 frondoso
727 1816 833 1873 desere
848 1817 926 1875 luco.

176 1905 259 1978 Post,
277 1908 326 1965 ubi
341 1927 420 1965 nona
433 1929 505 1967 suos
519 1910 639 1967 Aurora
653 1910 815 1968 ostenderit
836 1919 929 1982 ortus,

176 1998 302 2058 Inferias
317 2001 430 2079 Orphei
443 2002 570 2061 Lethaea
586 2023 736 2081 papavera
751 2005 859 2076 mittes,

175 2093 332 2154 Placatam
346 2096 520 2173 Eurydicen
534 2097 628 2156 vitulis
641 2101 826 2157 venerabere
842 2098 934 2171 casti,

176 2189 216 2247 Et
230 2191 347 2268 nigram
361 2191 505 2248 mactabis
520 2211 616 2263 ovem,
633 2192 793 2268 lucumque
810 2194 959 2252 revises.”

215 2283 309 2341 Haud
323 2303 428 2353 mora;
446 2285 587 2343 continuo
604 2287 705 2344 matris
720 2295 870 2364 praecepta
886 2286 1018 2345 facessit.

176 2377 224 2437 Ad
238 2377 364 2436 delubra
378 2379 458 2437 venit
475 2399 483 2448 ;
507 2388 687 2437 monstratas
702 2381 812 2437 excitat
828 2400 896 2438 ares
911 2400 918 2449 ;

178 2470 317 2540 Quatuor
330 2473 454 2531 eximios
470 2474 622 2550 praestanti
637 2492 761 2550 corpore
781 2482 885 2530 tauros

176 2565 280 2638 Ducit,
297 2577 326 2624 et
341 2565 456 2625 intactd
469 2566 591 2628 totidem
607 2567 725 2623 cervice
743 2566 900 2641 juvencas.

176 2659 258 2732 Post,
275 2662 326 2720 ubi
340 2680 420 2719 nona
435 2680 505 2718 suos
520 2661 640 2717 Aurora
655 2659 812 2717 induxerat
826 2673 920 2732 ortus,

178 2753 304 2813 Inferias
319 2744 432 2831 Orphei
446 2754 543 2825 mittit,
560 2754 721 2829 lucumque
736 2754 848 2813 revisit.
1028 2834 1031 2838 .

176 2847 240 2907 Hic
254 2849 326 2907 verb
341 2850 471 2907 subitum
486 2869 523 2906 ac
537 2849 618 2906 dictu
633 2849 767 2906 mirabile
782 2858 947 2908 monstrum
1049 2918 1053 2926 ⁴

176 2942 364 3020 Adspiciunt,
380 2942 542 3019 liquefacta
556 2944 645 3000 boum
660 2963 712 3019 per
727 2944 845 3001 viscera
863 2952 925 3002 toto

179 3036 309 3094 Stridere
325 3056 396 3114 apes
410 3045 506 3107 utero,
524 3045 552 3093 et
568 3036 662 3113 ruptis
677 3037 823 3094 effervere
839 3039 931 3096 costis
947 3057 954 3107 ;

178 3128 402 3207 immensosque
417 3131 495 3188 trahi
509 3133 616 3202 nubes,
636 3130 757 3206 jamque
773 3133 880 3189 arbore
896 3131 1012 3191 summai

179 3222 352 3296 Confluere,
369 3234 398 3282 et
412 3225 501 3282 lentis
515 3244 603 3282 uvam
618 3224 773 3283 demittere
788 3226 888 3284 ramis.

352 3306 363 3361 t

216 3413 295 3472 Haec
310 3432 400 3491 super
414 3433 553 3471 arvorum
568 3413 650 3470 cultu
665 3431 868 3488 pecorumque
883 3415 1039 3485 canebam,

178 3508 218 3566 Et
232 3528 322 3585 super
336 3509 505 3578 arboribus,
523 3506 630 3566 Caesar
644 3506 713 3562 dum
728 3525 854 3583 magnus
870 3504 907 3561 ad
923 3506 1014 3564 altum

177 3601 328 3660 Fulminat
342 3602 519 3679 Euphraten
534 3600 624 3669 bello,
642 3600 796 3675 victorque
812 3599 946 3657 volentes

177 3693 238 3754 Per
252 3696 375 3773 populos
390 3696 440 3753 dat
457 3695 538 3770 jura,
554 3694 691 3768 viamque
712 3693 833 3750 dlectat
847 3693 984 3771 Olympo.

179 3788 234 3847 Illo
247 3789 408 3868 Virgilium
421 3809 468 3847 me
483 3798 616 3866 tempore
631 3787 726 3845 dulcis
741 3788 840 3846 alebat

178 3883 378 3961 Parthenope,
395 3883 499 3941 studiis
514 3883 667 3940 florentem
684 3882 823 3960 ignobilis
837 3881 879 3940 oti
894 3902 902 3954 ;

180 3975 323 4036 Carmina
338 3978 389 4054 qui
403 3978 460 4036 lusi
475 3990 637 4057 pastorum,
655 3976 812 4053 audaxque
830 3975 966 4052 juventi,

178 4070 294 4148 Tityre,
309 4079 339 4131 te
353 4072 462 4150 patulae
475 4071 572 4130 cecini
586 4074 641 4129 sub
656 4071 787 4149 tegmine
803 4071 872 4150 lagi.
