2692 5122
503 793 677 843 snaroos
697 796 824 842 a1a1v.
1097 786 1165 883 ι

177 933 448 1014 Tergeminamqua
462 932 611 1004 Hecaten,
627 935 685 991 tria
699 934 821 1012 virginis
834 953 888 992 ora
901 933 1019 993 Dianae.

177 1033 332 1107 Sparserat
347 1038 376 1085 et
390 1025 495 1085 latices
508 1027 662 1083 simulatos
676 1028 763 1084 fontis
778 1028 898 1084 Averni.

176 1123 317 1182 Falcibus
331 1128 361 1179 et
375 1140 479 1178 messae
495 1120 531 1177 ad
546 1121 645 1177 lunam
661 1131 834 1195 quoerantur
849 1121 951 1178 ahenis

175 1217 326 1275 Pubentes
339 1214 451 1284 herbae,
467 1214 544 1290 nigri
559 1232 627 1271 cum
641 1213 719 1271 lacte
735 1213 849 1271 veneni.

175 1309 329 1377 Quaritur
342 1315 371 1365 ct
386 1308 536 1364 nascentis
550 1307 619 1383 equi
633 1307 670 1363 de
684 1306 779 1365 sronte
793 1307 940 1377 revulsus,
1098 1306 1158 1363 616

175 1403 213 1462 Er
227 1402 315 1460 matri
329 1408 503 1478 praereptus,
520 1419 612 1458 amor.

175 1495 254 1572 lpsa,
271 1496 349 1552 molti
363 1494 558 1568 manibusque
571 1494 637 1570 piis,
654 1494 759 1550 altaria
774 1493 870 1569 juxta,

174 1587 272 1645 Unum
285 1595 376 1644 exuta
389 1586 493 1663 pedem
507 1586 622 1657 vinclis,
637 1577 667 1643 in
682 1597 764 1643 veste
778 1583 924 1657 recinctd,

173 1682 316 1740 Testatur
328 1681 471 1739 moritura
484 1681 567 1751 deos,
584 1689 613 1738 et
627 1683 749 1739 conscia
764 1681 816 1738 sati

175 1775 298 1833 Sidera:
320 1784 392 1845 tum,
409 1774 434 1830 si
450 1773 528 1849 quod
542 1793 599 1830 non
615 1794 701 1849 aequo
716 1774 828 1832 foedere
848 1785 979 1833 amantes
1096 1772 1156 1830 600
1180 1774 1187 1781 ’

175 1868 265 1927 Curre
280 1885 388 1925 numen
403 1867 492 1924 habet
509 1867 681 1942 justumque
696 1887 877 1942 memorque,
895 1875 1043 1944 precatur.

210 1961 280 2019 Nox
294 1969 368 2031 erat,
385 1970 414 2016 et
429 1959 574 2036 placidum
589 1960 750 2036 carpebant
765 1960 844 2018 fessa
862 1979 999 2038 soporem

174 2053 310 2132 Corpora
324 2073 377 2131 per
389 2061 485 2110 terras
500 2072 508 2121 ;
531 2053 673 2129 silviaque
688 2062 717 2111 et
731 2072 812 2112 saeva
827 2054 964 2130 quierant

172 2147 334 2224 AEquora3
349 2166 443 2222 ,quum
457 2146 553 2204 medio
567 2147 724 2204 volvuntur
738 2147 837 2204 sidera
850 2148 935 2226 lapsu
951 2167 958 2216 ;

172 2241 273 2310 Qum
286 2248 365 2300 tacet
380 2241 473 2299 omnis
487 2260 581 2318 ager3
607 2241 746 2319 pecudes,
763 2242 910 2319 pictaeque
922 2242 1070 2314 volucres,
1094 2243 1154 2300 606

173 2336 310 2411 Quasque
324 2335 409 2392 lacus
421 2333 480 2392 late
496 2333 633 2410 liquidos,
650 2353 776 2410 quaeque
791 2354 898 2411 aspera
912 2333 1008 2393 dumis
1044 2374 1049 2383 «

173 2428 258 2486 Rura
271 2435 382 2498 tenant,
398 2446 502 2484 somno
516 2426 617 2502 positae
632 2429 687 2483 sub
702 2437 788 2484 nocte
803 2428 901 2484 silenti

171 2518 319 2578 Lenibant
333 2539 433 2589 curas,
450 2528 478 2575 et
493 2518 585 2576 corda
598 2519 688 2576 oblita
702 2520 846 2576 laborum.

163 2592 209 2672 ‚A't
223 2632 281 2672 noo
297 2612 396 2671 infelix
410 2612 500 2669 animi
513 2611 672 2669 Phoenissa
686 2631 693 2680 ;
718 2631 815 2687 neque
831 2630 961 2687 unquam

172 2707 301 2765 Solvitur
314 2707 343 2764 in
358 2725 486 2775 somnos,
503 2705 635 2762 oculisve
651 2714 700 2761 aut
716 2718 835 2781 pectore
850 2714 968 2763 noctem
1095 2705 1154 2763 600

170 2800 307 2878 Accipit:
330 2799 510 2877 ingeminant
524 2817 604 2856 curae
619 2817 626 2867 ;
651 2818 813 2873 rursusque
828 2817 989 2876 resurgens

171 2894 260 2951 Saevit
275 2912 367 2963 amor,
383 2911 549 2969 magnoque
565 2893 674 2948 irarum
690 2893 812 2950 fluctuat
828 2900 913 2951 aestu.

171 2988 219 3045 Sic
234 2986 309 3043 adeo
324 2986 440 3056 insistit,
457 3004 617 3060 secumque
633 2986 673 3043 ita
688 2986 777 3043 corde
792 2987 925 3044 volutat:

169 3080 227 3152 En,
245 3079 314 3156 quid
330 3079 410 3155 ago?
432 3098 573 3136 rursusne
588 3098 694 3156 procos
709 3080 796 3136 irrisa
810 3079 924 3156 priores

168 3172 341 3251 Experiar?
384 3171 609 3247 Nomadumque
624 3181 721 3249 petam
736 3173 884 3230 connubia
898 3172 1033 3249 supplex,
1093 3172 1153 3230 666
1223 3189 1226 3195 “

169 3266 256 3334 Quos
269 3284 327 3343 ego
340 3266 394 3323 sim
408 3266 495 3323 toties
512 3265 574 3340 jam
588 3265 748 3342 dedignata
762 3267 883 3323 maritos
897 3265 907 3320 l

170 3359 279 3417 Iliacas
295 3360 385 3436 igitur
398 3359 511 3416 classes
526 3367 615 3433 atque
630 3359 732 3415 ultima
745 3354 898 3415 Teucrtim

168 3453 261 3512 Jussa
274 3471 384 3527 sequar
397 3451 408 3506 i
431 3452 538 3525 quiana
554 3450 664 3507 auxilio
681 3451 766 3525 juvat
781 3450 848 3506 ante
863 3450 987 3520 levatos,

168 3544 232 3603 Aut
247 3546 323 3602 bene
338 3546 415 3622 apud
430 3562 576 3602 memores
591 3544 700 3599 veteris
714 3551 770 3599 stat
789 3543 887 3619 gratia
901 3542 996 3600 facti?

169 3638 307 3706 Quiane
322 3648 430 3710 autem,
448 3639 495 3695 fac
511 3638 597 3707 velle,
614 3638 689 3694 sinet
705 3636 715 3691 ?
737 3637 888 3694 ratibusve
902 3636 1039 3714 superbis
1094 3637 1153 3695 540

169 3732 299 3791 Invisam
314 3733 465 3810 accipiet?
506 3732 626 3801 Nescis,
643 3732 700 3788 heu
718 3734 724 3788 !
748 3732 872 3807 perdita,
889 3732 1014 3791 necdum

168 3825 397 3885 Laomedonteae
412 3826 505 3884 sentis
519 3826 646 3902 perjuria
662 3826 759 3902 gentis
774 3826 784 3881 ?

169 3918 249 3985 Quid
263 3927 325 3977 tum
340 3919 350 3974 l
372 3920 436 3977 sola
450 3919 522 3997 fugi
536 3928 643 3976 nautas
657 3919 820 3976 comitabor
834 3926 957 3977 ovantes
973 3918 984 3974 l

168 4013 216 4070 An
229 4013 331 4089 Tyriis
345 4012 481 4088 omnique
496 4033 584 4070 manu
599 4013 707 4089 stipata
722 4031 854 4069 meorum

168 4103 309 4163 lnt'erar?
331 4113 371 4175 et,
389 4124 462 4180 quos
477 4104 599 4163 Sidonii
612 4105 659 4162 vix
675 4107 747 4161 urbe
763 4105 876 4175 revelli,
1093 4104 1152 4162 646

168 4196 287 4255 Rursus
301 4217 388 4275 agam
402 4200 520 4277 pelago,
537 4206 566 4255 et
580 4198 676 4255 ventis
690 4198 760 4255 dare
775 4199 841 4255 vela
859 4198 972 4272 jubebo
986 4197 996 4253 ?

168 4288 249 4356 Quin
264 4310 390 4362 morere,
407 4300 437 4348 ut
451 4291 556 4348 merita
569 4308 611 4360 cs,
628 4290 766 4365 ferroque
781 4299 882 4348 averte
902 4291 1042 4367 dolorem.

167 4381 226 4453 Tu,
242 4382 383 4460 lacrymis
397 4384 494 4443 evicta
508 4384 592 4453 meis,
608 4390 640 4440 tu
655 4383 748 4460 prima
763 4384 908 4441 furentem

168 4473 238 4547 His,
254 4487 408 4553 germana,
424 4478 510 4535 malis
524 4495 643 4545 oneras,
661 4486 749 4551 atquc
764 4478 868 4551 objicis
883 4476 968 4536 hosti.

167 4567 237 4627 Non
250 4570 333 4631 licuit
346 4570 468 4629 thalami
483 4578 634 4647 expertem
648 4570 711 4626 sinc
727 4570 849 4628 crimine
863 4569 953 4626 vitam
1092 4568 1152 4625 660

447 4665 506 4719 ldl
855 4678 876 4717 o
