2692 5122
213 373 257 429 ’18
511 365 539 416 l'.
558 366 726 415 vinoun
744 367 917 416 nunonis

217 501 363 564 Delectos
375 504 485 563 heroas
500 523 507 563 :
530 513 617 565 erunt
632 506 721 565 etiam
735 507 831 566 altera
844 508 934 578 bella,

217 597 318 675 Atque
332 599 439 657 iterum
453 598 491 657 ad
504 598 629 676 Trojam
642 618 770 679 maguus
783 602 915 659 mittetur
927 600 1071 660 Achilles.

256 690 351 765 Hinc,
367 693 418 752 ubi
428 693 491 769 jam
505 693 623 751 firmata
635 693 730 753 virum
745 704 774 758 te
789 695 893 754 fecerit
907 702 992 766 retas,

219 783 317 846 Cedet
331 793 361 844 et
375 785 439 864 ipse
453 786 528 845 mari
542 797 646 847 vector
659 807 668 858 ;
693 806 750 847 nec
763 790 886 846 nautica
899 788 985 865 pinus

218 876 347 937 Mutabit
361 897 479 938 merces
494 899 502 949 3
526 881 621 939 omnis
636 880 711 940 feret
725 882 824 940 omnia
837 882 935 940 tellus.

217 973 289 1034 Non
302 981 415 1031 rastros
429 973 558 1051 patietur
570 974 687 1046 bumcs,
704 995 763 1034 nou
776 975 865 1034 vinea
878 975 985 1035 sulcem
998 992 1007 1045 3

145 1072 147 1080 '
218 1069 374 1129 Robustus
389 1087 507 1146 quoque
518 1069 581 1145 jam
594 1071 690 1129 tauris
699 1071 774 1150 juga
787 1071 882 1129 solvet
896 1081 1006 1130 arator.
1078 1120 1081 1126 .

217 1163 285 1224 Nec
300 1162 398 1221 varios
411 1163 506 1221 discet
519 1164 638 1222 mentiri
651 1165 721 1223 lana
734 1165 851 1222 colores
867 1183 875 1233 3

218 1255 288 1335 lpse
303 1255 356 1314 sed
370 1256 400 1314 in
415 1257 508 1334 pratis
522 1257 602 1315 aries
611 1257 674 1333 jam
688 1257 780 1315 suavd
794 1257 914 1315 rubenti

216 1348 348 1422 Murice,
360 1349 423 1426 jam
436 1368 545 1408 croceo
559 1350 684 1410 mutabit
697 1350 811 1409 vellera
824 1351 886 1409 luto
900 1369 908 1419 ;

219 1444 330 1522 Sponte
345 1444 400 1502 sul
414 1442 528 1520 sandyx
542 1453 700 1521 pascentes
714 1445 820 1503 vestiet
834 1463 937 1522 agnos.

261 1542 281 1569 “
292 1536 380 1596 Talia
393 1537 521 1608 saecla,'’
535 1538 598 1596 suis
611 1537 758 1608 dixerunt,
776 1544 797 1570 “
809 1537 956 1609 currite‚''
970 1536 1043 1595 lusis

220 1628 397 1691 Concordes
411 1631 509 1689 stabili
524 1629 651 1689 satorum
665 1630 784 1689 numine
799 1631 914 1691 Parcae.

176 1786 181 1801 ¹
258 1725 436 1804 Aggredere
451 1745 469 1784 0
482 1744 618 1803 magnos,
635 1725 730 1783 aderit
740 1725 802 1801 jam
815 1735 943 1803 tempus,
959 1725 1099 1796 honores,

220 1818 304 1882 Cara
317 1815 405 1878 desim
419 1819 548 1890 soboles,
564 1838 704 1897 magnum
717 1819 803 1878 Jovis
816 1819 1031 1877 incrementum
1045 1821 1052 1876 l

218 1913 350 1991 Adspice
363 1931 497 1971 convexo
511 1920 665 1971 nutantem
678 1912 809 1990 pondere
822 1912 973 1983 muudum,

218 2005 404 2083 Terraeque,
419 2014 593 2083 tractusque
607 2005 709 2076 maris,
725 2007 895 2080 coelumque
911 2003 1085 2082 profundum
1098 2023 1106 2062 :

218 2100 362 2179 Adspice,
377 2108 503 2159 venturo
517 2101 654 2159 laetentur
668 2107 699 2157 ut
714 2099 812 2157 omnia
825 2099 925 2157 saeclo.

258 2194 286 2252 Ο
301 2194 372 2252 mibi
384 2206 445 2251 tam
458 2193 556 2270 longae
569 2201 689 2251 maneat
705 2212 774 2269 pars
788 2193 890 2250 ultima
904 2192 983 2263 vitae,

218 2286 346 2365 Spiritus
360 2293 401 2356 et,
410 2285 559 2361 'quantum
573 2294 620 2342 sat
634 2285 690 2342 erit
703 2293 756 2342 tua
769 2284 870 2342 dicere
884 2284 985 2343 sacta!

218 2379 248 2438 N
250 2398 288 2437 on
302 2398 349 2437 mc
364 2378 544 2436 carminibus
558 2376 656 2434 vincet
670 2395 727 2435 nec
739 2377 889 2435 Thracius
903 2377 1053 2455 Orpheus,
1167 2379 1208 2436 5⁵

218 2475 286 2534 Nec
299 2473 395 2530 Linus
408 2491 416 2541 ;
439 2471 510 2528 huic
523 2477 619 2527 muter
633 2471 777 2545 quumvis,
795 2478 883 2546 atque
898 2471 968 2529 huic
983 2480 1067 2549 pater
1080 2470 1157 2530 adsit
1169 2489 1178 2542 ς

218 2566 343 2645 Orphei,
360 2564 528 2640 Calliopea,
543 2562 632 2633 Lino,
649 2561 795 2621 formosus
809 2564 927 2640 Apollo.

220 2658 285 2720 Pan
299 2660 390 2719 etiam
405 2655 541 2717 Arcadiis
553 2674 670 2715 mecum
682 2655 708 2714 si
717 2656 819 2732 judice
833 2665 940 2730 certet,

218 2754 284 2815 Pan
299 2754 388 2812 etiam
402 2749 536 2810 Arcadii
549 2750 628 2808 dicct
642 2769 676 2808 se
684 2750 786 2825 judice
801 2751 920 2811 victum.

260 2848 374 2925 Incipe,
391 2864 482 2924 parve
496 2864 581 2922 puer,
597 2844 658 2902 risu
672 2863 857 2923 cognoscere
871 2854 997 2905 matrem
1012 2865 1020 2917 ;
1167 2846 1207 2906 60

216 2941 311 3001 Matri
326 2942 415 3018 longa
427 2939 532 2998 decem
544 2939 675 2996 tulerunt
690 2939 806 2997 fastidia
821 2958 948 2999 menses.

219 3035 334 3136 Incipe,
351 3053 441 3113 parve
456 3052 549 3112 puer:
572 3033 621 3091 cui
635 3052 693 3091 non
708 3031 803 3092 risere
818 3042 969 3110 parentes,

126 3118 134 3156 ³
219 3129 249 3188 N
251 3149 286 3189 ec
300 3129 375 3188 deus
388 3129 467 3187 hunc
480 3123 595 3199 mensi,
611 3126 669 3185 dea
681 3145 738 3185 nec
752 3126 874 3205 dignata
888 3128 979 3188 cubili
992 3135 1047 3188 est.

590 3309 822 3323 —u—

582 3450 775 3519 ECLOGA
797 3452 841 3517 V.

626 3614 794 3666 oscarus.

628 3756 804 3797 MEMLGAS.

222 3869 294 3932 Con
307 3887 377 3941 non,
393 3867 514 3947 Mopse,
530 3869 599 3928 boni
614 3869 753 3946 quoniam
766 3867 959 3927 convenimus
972 3869 1071 3943 ambo,

220 3962 269 4024 'ru
284 3963 414 4021 calamos
428 3963 531 4022 inflare
543 3965 636 4035 leves,
653 3981 710 4042 ego
723 3962 824 4020 dicere
840 3981 954 4033 vemas,

220 4056 284 4117 Hic
298 4057 409 4135 corylis
422 4057 529 4117 mixtas
542 4058 621 4117 inter
633 4056 814 4117 concidimus
827 4055 923 4114 ulmos
938 4055 950 4112 ἓ
