2692 5122
193 412 251 473 m
478 407 505 454 r.
524 405 690 501 rrlnorsu
714 405 885 457 usaeurs

192 549 353 618 Ausoniis3
377 547 474 606 donec
487 566 592 605 versae
608 546 645 604 ad
659 547 759 605 littora
771 564 884 624 puppes

135 706 141 726 Ι
192 643 380 721 Respiciunt,
395 650 548 718 totumque
564 641 653 699 allabi
667 641 814 699 classibus
827 660 939 717 aequor.

113 734 124 753 '
191 736 285 795 Ardet
300 755 376 814 apes
390 735 490 812 capiti,
507 735 665 810 cristisque
680 753 699 792 a
716 735 830 793 vertice
844 734 962 792 flamma
1119 736 1182 799 m

191 829 350 901 Funditur,
366 837 395 887 et
408 838 509 887 vastos
524 829 612 885 umbo
626 827 715 885 vomit
729 845 840 885 aureus
854 827 948 905 ignes.

190 923 219 982 N
222 943 259 981 on
273 943 362 982 secus
380 942 416 980 ac
430 919 544 998 liquida
557 921 582 978 si
597 920 714 997 quando
728 930 816 979 nocte
830 928 954 978 comete

191 1017 355 1094 Sanguinei
368 1015 494 1095 lugubre
509 1017 626 1086 rubent,
642 1023 694 1073 aut
708 1015 803 1072 Sirius
817 1013 906 1072 ardor
918 1032 926 1082 ;
986 1071 989 1074 Α

189 1109 255 1183 Ille,
271 1110 349 1168 sitim
363 1111 541 1186 morbosque
556 1109 656 1166 serens
669 1108 841 1166 mortalibus
856 1107 956 1185 aegris,

188 1202 342 1275 Nascitur,
358 1213 388 1261 et
402 1204 477 1261 laevo
492 1203 645 1261 contristat
660 1201 769 1259 lumine
783 1201 901 1259 coelum.

228 1297 321 1356 Haud
336 1305 434 1355 tamen
449 1297 556 1355 audaci
569 1296 674 1354 Turno
688 1295 798 1353 fiducia
812 1295 903 1352 cessit

187 1389 305 1449 Littora
319 1391 493 1468 praecipere,
509 1399 539 1447 et
553 1390 706 1448 venientes
722 1388 833 1465 pellere
847 1386 938 1446 terri.
1002 1435 1006 1444 .
1052 1403 1056 1411 ·

191 1482 289 1562 [Ultro
304 1485 418 1543 animos
431 1484 506 1543 tollit
520 1483 617 1554 dictis,
634 1492 724 1558 atque
740 1482 874 1558 increpat
888 1481 966 1540 ultro
977 1480 1001 1560 τ]

188 1575 277 1644 Quod
291 1578 367 1635 votis
381 1576 516 1654 optastis,
533 1575 627 1646 adest,
644 1575 829 1653 perfringere
843 1573 948 1633 dextri
964 1595 972 1644 ;

187 1667 638 1747 InmanihusMarsipse,viri.
681 1668 1000 1745 Nuncconjugisesto
1112 1670 1176 1733 Μ

187 1762 323 1840 Quisque
338 1783 400 1821 sum
413 1763 545 1838 tectique
559 1780 672 1819 mernor
686 1779 693 1818 :
716 1780 794 1818 nunc
808 1780 918 1841 magua
930 1760 1041 1819 referto

185 1856 292 1929 Facta,
310 1867 426 1935 patrum
439 1855 553 1914 laudes.
596 1854 682 1911 Ultro
695 1872 889 1912 occurramus
903 1853 941 1912 ad
956 1854 1077 1926 undam,

185 1950 266 2009 Dum
279 1949 396 2027 trepidi,
413 1949 587 2027 egressique
601 1948 702 2005 labant
717 1947 842 2024 vestigia
855 1947 958 2023 prima.

184 2043 338 2102 Audentes
352 2043 488 2100 Fortuna
503 2042 596 2117 juvat.

184 2136 263 2196 Haec
278 2137 338 2205 eit;
363 2146 392 2193 et
407 2155 510 2194 secum
524 2142 634 2205 versat,
652 2152 726 2208 quos
740 2133 850 2191 ducere
865 2133 979 2204 contrd,
1110 2134 1171 2195 ΞΜ

183 2228 242 2287 Vel
257 2231 364 2305 quibus
378 2231 517 2287 obsessos
532 2228 623 2304 possit
637 2226 818 2285 concredere
832 2245 942 2286 muros.

224 2323 343 2380 Interea
356 2322 478 2381 AEneas
491 2322 588 2379 socios
602 2321 639 2378 de
654 2321 799 2397 puppibus
813 2320 882 2377 altis

182 2416 327 2475 Pontibus
341 2415 468 2492 exponit.
510 2414 599 2471 Multi
613 2432 733 2471 serrare
747 2432 889 2471 recursus

182 2507 370 2586 Languentis
384 2507 493 2585 pelagi,
510 2515 539 2564 et
554 2507 694 2564 brevibus
707 2525 740 2563 se
754 2505 878 2565 credere
892 2507 969 2566 saltu
986 2527 994 2576 ς

181 2600 353 2661 Petronios
368 2601 426 2661 alii.
469 2600 647 2677 Speculatus
662 2601 762 2658 littora
778 2599 908 2670 Tarcho,
1107 2601 1171 2661 290

183 2692 254 2761 Qua
268 2693 345 2752 vada
357 2712 416 2750 non
430 2693 553 2771 spirent,
569 2711 626 2749 nec
640 2692 737 2750 sracta
750 2699 947 2759 remurmurat
963 2691 1054 2767 unda,

182 2787 241 2847 Sed
255 2806 337 2845 mare
352 2786 526 2845 inoffensum
541 2786 688 2845 crescenti
703 2786 842 2844 silebitur
855 2793 941 2858 astu,

180 2880 317 2941 Advertit
330 2879 427 2938 subitd
442 2899 558 2958 proras,
574 2880 731 2955 sociosque
747 2888 906 2957 precatur:

179 2975 210 3034 N
213 2994 281 3046 unc,
298 2994 315 3032 o
331 2974 409 3033 lecta
423 2993 538 3045 manus,
555 2973 660 3032 validis
675 2973 834 3030 incumbite
847 2971 958 3042 remis;

179 3066 300 3137 Tollite,
316 3067 391 3126 serta
405 3075 508 3135 rates;
532 3066 680 3124 inimicam
695 3065 795 3124 findite
810 3065 914 3124 rostris
1106 3064 1169 3127 296

180 3159 270 3218 Hanc
285 3168 406 3231 terram,
423 3161 599 3236 sulcumque
613 3160 669 3218 sibi
684 3168 796 3236 premat
810 3159 877 3235 ipsa
892 3159 1005 3218 carina.

179 3252 335 3331 Frangere
349 3274 406 3312 nec
419 3255 472 3312 tali
487 3255 605 3332 puppim
619 3254 744 3312 statione
756 3274 875 3325 recuso,

178 3344 310 3423 Arrepth
323 3347 429 3405 tellure
443 3348 545 3406 semel.
587 3345 664 3418 Quae
677 3347 750 3405 talia
763 3355 919 3423 postquam

178 3438 296 3498 Effatus
309 3440 441 3511 Tarcho,
458 3441 531 3497 socii
546 3459 728 3518 consurgere
743 3441 846 3511 tonsis,

179 3533 416 3611 spumantesque
430 3543 510 3592 rates
524 3534 603 3592 arvis
617 3534 727 3592 inferre
741 3533 856 3592 Latinis
870 3554 878 3604 ;
1105 3536 1168 3597 ³⁰0

176 3625 285 3684 Donec
299 3635 396 3685 rostra
408 3635 509 3685 tenent
524 3628 647 3698 siccum,
664 3637 693 3686 et
706 3626 814 3687 sedere
828 3629 939 3688 carinas

177 3719 289 3778 Omnes
303 3721 448 3780 innocuas.
491 3721 550 3779 Sed
564 3717 622 3780 noh
637 3722 741 3799 puppis
753 3730 816 3794 tua,
832 3722 954 3782 Tarcho
967 3741 975 3793 ς

176 3811 325 3889 Namque,
342 3814 453 3871 inflicta
466 3814 560 3884 vadis,
576 3814 664 3873 dorso
678 3815 747 3874 dum
763 3816 870 3893 pendet
883 3815 994 3895 inique,

175 3906 296 3983 Anceps
310 3915 476 3965 sustentata
490 3907 550 3978 diu,
565 3908 732 3986 fluctusque
747 3909 863 3989 fatigat,
967 3898 973 3913 ⁸

178 3998 317 4071 Solvitur,
333 4010 424 4077 atque
439 4001 518 4058 viros
531 4001 635 4060 mediis
649 4004 768 4080 exponit
782 4004 812 4062 iu
827 4003 914 4064 undis
926 4023 934 4073 ;
1103 4003 1162 4065 Μ

175 4093 339 4171 Fragmina
352 4113 500 4153 remorum
515 4115 589 4171 quos
603 4104 633 4154 et
645 4096 793 4156 fluitantia
806 4106 938 4158 transtra

176 4186 353 4266 Impediunt,
367 4189 551 4268 retrahitque
565 4190 670 4270 pedem
682 4191 771 4251 simul
784 4191 865 4253 unda
876 4192 1027 4255 salchem
