2692 5122
184 396 244 454 330
477 389 504 436 Ρ.
523 390 689 439 VIRGlLll
709 392 881 442 MARONlS

185 528 377 608 Transadigit
391 540 492 589 costos
506 539 535 588 et
550 540 648 590 crates
663 535 791 610 pectoris
805 553 917 591 ensem.

184 624 306 682 Turnus
321 644 398 700 equo
413 624 561 700 dejectum
575 628 732 701 Amycum,
749 626 929 702 fratremque
943 625 1070 697 Dioren,

186 718 377 796 Congressus
392 720 482 797 pedes
498 739 517 789 3,
530 719 609 777 hunc
624 720 791 778 venientem
806 719 927 797 cuspide
941 719 1041 798 longi,
1113 720 1176 778 otu

184 812 278 871 Hunc
293 833 433 871 mucrone
449 815 515 871 serit
531 832 539 882 ;
563 834 713 889 curruque
729 815 846 871 abscisa
861 814 985 872 duorum

185 906 344 983 Suspendit
359 908 465 984 capita,
483 917 512 965 et
526 909 657 965 rorantia
671 908 817 986 sanguine
833 915 938 985 portet.

185 998 364 1077 IlleyTalon,
381 1000 570 1078 Tanaimque
585 1002 663 1072 neci,
679 1002 845 1077 sortemque
860 1001 1042 1078 Cethegum,

183 1093 262 1151 Tres
277 1114 336 1152 uno
351 1115 528 1173 congressu,
545 1104 574 1153 et
589 1105 725 1153 moestum
740 1096 826 1153 mittit
840 1095 971 1170 Onytcn,

183 1188 301 1247 Nomen
315 1189 504 1260 Echionium,
520 1190 682 1265 matrisque
697 1209 792 1267 genua
806 1187 944 1246 Peridiae.

183 1280 245 1339 Hic
261 1282 368 1339 fratres
381 1281 479 1359 Lycia
493 1283 599 1340 missos
613 1292 642 1339 et
656 1282 801 1359 Apollinis
816 1280 907 1358 egris,

183 1375 223 1433 Et
240 1375 382 1450 juvenem
396 1395 518 1433 exosum
533 1376 734 1452 nequidquam
748 1376 826 1433 bella
840 1376 997 1436 Menoeten

183 1469 324 1538 Arcada;
349 1471 474 1546 piseosae
490 1470 538 1527 cui
553 1471 666 1528 circum
680 1470 800 1527 flumine
814 1469 924 1527 Lernen

183 1565 243 1621 Ara
258 1563 364 1634 suerat,
383 1583 555 1640 pauperque
570 1563 674 1620 domus
690 1582 697 1632 3
721 1582 777 1620 noc
791 1571 861 1620 nota
876 1563 1028 1641 potentum

182 1655 301 1714 Limina
317 1676 324 1725 ;
349 1656 557 1732 conductaque
573 1657 777 1734 pater'tellure
792 1658 922 1716 serebat.

183 1752 229 1808 Ac
246 1750 324 1807 velut
339 1750 460 1807 immissi
474 1750 599 1820 diversis
615 1750 747 1826 partibus
761 1750 846 1827 ignes

182 1845 326 1902 Arentem
341 1843 369 1900 in
384 1844 490 1900 silvam
503 1853 532 1900 et
548 1844 676 1921 virgulta
688 1845 826 1901 sonantia
842 1845 926 1902 lnuro
943 1863 952 1914 ς

182 1936 245 1995 Aut
259 1937 310 1994 ubi
325 1937 453 1994 decursu
468 1937 569 2013 rapido
584 1937 620 1994 de
635 1938 784 1995 montibus
799 1938 865 1995 ultis

181 2029 265 2088 Dant
280 2031 406 2088 sonitum
421 2031 551 2107 spumosi
566 2050 678 2100 amnes,
693 2041 722 2088 et
736 2032 765 2089 in
781 2051 902 2107 aequora
915 2042 1050 2104 currunt,

183 2124 319 2201 Quisque
334 2145 421 2183 suum
436 2126 591 2202 populatus
611 2126 686 2182 iter:
709 2144 767 2182 non
782 2126 904 2202 segnius
918 2127 1005 2192 ambo

183 2217 298 2276 lEnees
313 2218 494 2295 Turnusque
509 2228 598 2276 ruunt
613 2238 665 2295 per
679 2219 783 2295 proelin
798 2237 805 2274 :
828 2238 919 2289 nunc,
937 2239 1015 2277 nunc

181 2312 323 2369 Fluctuat
339 2313 383 2369 ira
398 2313 476 2370 intus
490 2332 497 2380 ;
522 2322 697 2388 rumpuntur
710 2312 812 2369 nescia
829 2313 907 2368 vinci

181 2406 310 2464 Pectora
327 2427 334 2476 ;
359 2428 438 2464 nunc
452 2408 521 2465 totis
536 2408 564 2464 in
579 2408 703 2464 vulnera
717 2408 829 2465 viribus
843 2407 911 2465 itur.

182 2498 357 2556 Murranum
372 2500 431 2570 hic,
449 2509 552 2557 atavos
566 2509 594 2556 et
609 2520 730 2557 avorum
746 2501 867 2575 antiqua
883 2507 1038 2558 sonantem

182 2591 212 2650 N
214 2592 321 2661 omina,
339 2612 391 2668 per
406 2612 553 2669 regesque
569 2602 667 2650 ncturn
682 2613 777 2671 genus
791 2613 877 2650 omne
891 2593 1027 2665 Latinos,

181 2683 368 2760 Praecipitcm
384 2686 505 2761 scopulo
520 2694 610 2760 atque
625 2687 753 2762 ingentis
766 2687 882 2744 turbine
897 2686 963 2743 saxi

181 2777 314 2847 Excutit,
331 2777 512 2852 effunditque
527 2779 590 2836 solo
610 2797 616 2834 :
640 2778 718 2835 hunc
733 2779 796 2835 lora
810 2787 839 2836 et
855 2779 932 2856 juge
946 2780 1051 2838 subter

180 2868 361 2929 Provolvisre
377 2880 459 2940 rotoe,
477 2872 584 2928 crebro
598 2872 688 2948 super
703 2872 815 2949 ungula
829 2872 915 2948 pulsu

181 2964 277 3023 Incite
293 2984 349 3021 nec
363 2964 471 3021 domini
486 2984 647 3022 memorum
661 2966 813 3041 proculcat
828 2983 985 3040 equorum.

181 3058 236 3116 Ille
251 3058 348 3114 ruenti
363 3057 466 3134 Hyllo,
484 3059 647 3136 animisque
662 3057 788 3115 immane
805 3059 951 3127 frementi,

180 3151 329 3222 Occurrit,
347 3152 496 3226 telumque
512 3162 617 3209 aurata
632 3152 669 3209 ad
683 3162 817 3229 tempora
830 3160 949 3227 torquet
966 3170 973 3208 :

179 3244 238 3302 Olli
255 3264 307 3321 per
320 3245 437 3320 galeam
452 3244 510 3301 fixo
524 3246 603 3302 stetit
618 3245 704 3302 hasta
719 3248 853 3303 cerebro.

178 3335 315 3394 Dextera
327 3357 383 3394 nec
398 3347 449 3394 tua
463 3346 503 3407 te,
519 3336 645 3395 Graium
660 3338 827 3408 fortissime,
845 3338 970 3410 Creten,

179 3429 296 3506 Eripuit
311 3430 423 3487 Turno.
467 3431 493 3487 N
498 3451 533 3488 ec
548 3430 578 3487 di
592 3429 693 3488 texere
709 3431 898 3508 Cupencum,

178 3521 283 3581 AEnesi
298 3523 444 3594 veniente,
462 3524 507 3580 sui
523 3544 530 3581 ε
553 3524 631 3581 dedit
645 3525 734 3581 obvia
749 3525 827 3582 ferro

178 3615 308 3673 Pectora
322 3636 330 3684 ;
353 3635 409 3673 nec
424 3617 532 3675 misero
547 3617 643 3695 clypei
657 3637 740 3674 mora
755 3619 863 3694 profuit
883 3618 965 3678 nerei.

177 3707 223 3763 Te
239 3728 357 3783 quoque
371 3708 538 3767 Laurentes
555 3711 699 3782 viderunt,
717 3710 815 3782 AEole,
833 3712 930 3789 campi

177 3799 338 3876 Oppetere,
355 3810 383 3858 et
398 3801 455 3859 late
470 3811 579 3859 terram
594 3813 786 3862 consternere
802 3814 888 3882 tergo
903 3822 911 3861 t

177 3891 309 3964 Occidis,
325 3895 447 3971 Argium
463 3914 550 3970 quem
564 3916 623 3954 non
638 3895 760 3974 potuere
776 3899 940 3976 phalanges

178 3983 327 4056 Sternere,
344 4006 400 4043 nec
414 3987 525 4044 Prinmi
540 4007 699 4065 regnorum
713 4010 835 4048 eversor
849 3990 986 4050 Achillea
1001 4010 1009 4062 3

176 4076 239 4136 Hic
253 4079 305 4136 tibi
320 4081 421 4150 mortis
434 4089 519 4138 erant
533 4094 619 4139 metae
634 4101 641 4139 :
665 4083 768 4142 domus
783 4083 842 4141 alta
857 4085 912 4142 sub
929 4084 994 4157 lde,

175 4170 319 4249 Lyrnessi
332 4173 436 4233 domus
450 4175 511 4233 alta
527 4194 534 4245 ;
558 4175 622 4235 solo
635 4177 788 4236 Laurente
802 4177 986 4254 sepulcrum.
