2692 5122
175 379 215 440 γε
459 375 486 422 r.
510 373 680 421 waeran
705 372 880 422 menonis

175 515 342 596 Pinguibus
356 535 375 574 a
389 515 525 587 stabulis,
541 533 750 593 meropesque,
767 514 894 591 aliaeque
909 513 1057 584 volucres,

174 612 215 671 Et
229 611 365 669 manibus
378 610 496 669 Procne
511 618 617 687 pectus
630 608 751 687 signata
765 608 897 667 cruentis
912 626 919 664 ε
1130 600 1166 665 15

175 707 284 766 Omnia
297 725 366 764 nam
379 705 440 764 late
455 712 584 776 vastant,
601 704 743 783 ipsasque
755 704 889 762 volantes

175 800 237 861 Ore
252 801 362 872 serunt,
378 799 497 859 dulcem
510 799 587 858 nidis
601 799 762 858 immitibus
777 817 887 858 escam.

176 896 216 954 At
230 895 333 972 liquidi
348 894 445 953 fontes
459 906 489 952 at
503 902 612 972 stagna
626 893 753 952 virentia
765 912 869 951 musco

176 988 296 1060 Adsint,
313 997 343 1046 et
356 988 454 1047 tenuis
469 987 587 1066 fugiens
602 1007 656 1065 per
668 987 806 1065 gramina
820 987 902 1045 rivus
915 1005 924 1056 ;

175 1083 340 1159 Palmaque
355 1082 533 1140 vestibulum
548 1090 598 1140 aut
613 1082 719 1160 ingens
733 1081 864 1139 oleaster
876 1079 1023 1138 inumbret
1036 1097 1045 1148 3

72 1200 74 1205 ⁴
175 1177 226 1248 Ut,
243 1195 333 1253 quum
348 1176 443 1254 prima
458 1177 527 1236 novi
541 1176 651 1235 ducent
665 1176 803 1235 examina
817 1194 908 1253 reges

175 1271 257 1329 Vere
272 1290 338 1341 suo,
354 1269 496 1346 ludetque
511 1270 587 1329 lavis
602 1271 713 1329 emissa
722 1270 876 1346 juventus,

175 1363 286 1423 Vicina
299 1364 401 1423 invitet
415 1364 562 1423 decedere
577 1364 643 1442 ripa
658 1364 752 1423 calori
766 1383 774 1435 ;

175 1459 333 1536 Obviaque
348 1459 482 1538 hospitiis
496 1468 597 1518 teneat
612 1459 818 1518 frondentibus
832 1458 932 1518 arbos.

176 1556 211 1615 In
225 1554 365 1627 medium,
381 1574 435 1613 seu
450 1555 539 1612 stabit
552 1554 645 1624 iners,
661 1572 716 1611 seu
730 1551 856 1631 profluet
870 1553 985 1623 humor,

174 1650 380 1708 Transversas
393 1648 502 1707 salices
517 1655 546 1705 et
560 1646 688 1725 grandia
701 1646 817 1722 conjice
830 1665 904 1704 saxa
916 1664 925 1715 ;

175 1743 321 1802 Pontibus
335 1751 366 1801 ut
381 1741 495 1800 crebri·
509 1740 623 1818 possint
637 1739 813 1809 consistere,
828 1747 857 1797 et
872 1739 937 1797 alas

176 1836 313 1895 Pandere
328 1836 366 1895 ad
381 1835 514 1895 aestivum
529 1834 623 1892 solem
638 1852 646 1903 ;
663 1833 689 1890 si
703 1832 779 1891 forte
793 1842 943 1891 morantes

177 1930 336 2008 sparserit,
353 1937 404 1988 aut
419 1947 552 2008 praeceps
567 1927 708 2005 Neptuno
721 1926 898 1985 immerserit
912 1924 1025 1985 Eurus.

175 2022 255 2083 Haec
270 2024 384 2083 circum
398 2024 488 2082 casiae
503 2022 625 2092 virides,
642 2028 672 2079 et
686 2020 797 2079 olentia
811 2019 871 2079 late
1015 2020 1017 2024 ’

176 2118 324 2195 Serpylla,
341 2126 371 2176 et
385 2116 518 2195 graviter
531 2114 672 2193 spirantis
686 2115 774 2191 copia
787 2114 933 2191 thymbrae

176 2210 300 2270 Floreat
314 2230 321 2280 ;
345 2211 550 2289 inriguumque
565 2211 667 2269 bibant
681 2209 807 2267 violaria
821 2208 941 2266 sontem.

216 2303 287 2382 Ipsa
300 2311 410 2374 autem,
427 2322 481 2360 seu
496 2304 658 2360 corticibus
672 2303 725 2361 tibi
739 2310 807 2359 suta
820 2301 948 2372 cevatis,

178 2398 238 2455 Seu
252 2397 332 2454 lento
346 2395 455 2454 suerint
470 2395 603 2453 alvearia
617 2395 724 2453 vimine
738 2404 830 2465 texta,

177 2491 330 2566 Angustos
344 2489 475 2546 habeant
489 2487 587 2545 aditus
602 2506 609 2544 :
632 2506 700 2545 nam
716 2487 827 2563 frigore
841 2487 931 2545 mella

178 2581 270 2659 Cogit
283 2582 388 2653 hiems,
404 2581 569 2656 eademque
584 2581 668 2638 calor
681 2580 843 2656 liquefacta
856 2580 987 2640 remittit.

177 2675 312 2752 Utraque
327 2675 372 2733 vis
387 2674 492 2751 apibus
507 2674 619 2750 pariter
631 2674 811 2732 metuenda:
837 2693 936 2751 neque
951 2674 1009 2734 illae

177 2767 389 2845 Nequidquam
403 2767 534 2827 intectis
549 2768 685 2826 certatim
699 2768 801 2826 tenuia
816 2767 889 2827 cord

178 2862 367 2939 spiramenta
380 2861 485 2934 linunt,
503 2861 632 2938 sucoque
647 2870 677 2920 et
691 2862 813 2921 floribus
828 2882 897 2921 oras

177 2955 318 3033 Explent‚
334 2956 552 3032 collectumque
568 2956 632 3015 haec
647 2957 712 3034 ipsa
727 2957 764 3014 ad
779 2976 905 3016 munera
918 2958 1022 3036 gluten

177 3049 218 3108 Et
231 3050 313 3108 visco
328 3058 357 3107 et
371 3050 511 3128 Phrygiae
526 3060 648 3110 servant
662 3051 728 3128 pice
743 3051 852 3110 lentius
867 3050 940 3112 lde.

178 3143 264 3221 Soepe
280 3143 370 3202 etiam
384 3143 511 3217 effossis,
527 3145 553 3202 si
567 3164 640 3203 vera
654 3153 699 3203 est
713 3146 802 3219 sama,
818 3145 941 3205 latebris

178 3237 240 3295 Sub
253 3235 336 3296 terri
350 3235 451 3296 lovere
466 3237 570 3309 larem,
588 3238 764 3315 penitdsque
779 3249 906 3316 repertae

178 3329 410 3406 Pumicibusque
425 3330 519 3401 cavis,
536 3350 694 3408 exesaeque
710 3333 825 3391 arboris
839 3341 936 3393 antro.

177 3422 225 3480 Tu
241 3434 340 3481 tamen
355 3442 372 3480 e
385 3423 445 3481 levi
459 3424 569 3482 rimosa
583 3426 695 3484 cubilia
709 3425 777 3484 limo
854 3441 856 3446 ’

178 3515 266 3593 Unge
281 3515 383 3574 sovens
397 3517 521 3589 circum,
538 3527 567 3577 et
580 3538 666 3577 raras
686 3518 778 3596 super
791 3520 880 3596 injice
895 3520 1025 3580 frondea.

179 3608 246 3667 Neu
262 3610 382 3687 propius
395 3611 482 3670 tectis
496 3620 597 3671 taxum
612 3613 687 3684 sine,
704 3632 779 3672 neve
800 3616 942 3673 rubentes

178 3701 240 3759 Ure
255 3702 322 3760 foco
336 3722 463 3764 cancros
479 3725 486 3774 ;
511 3705 579 3766 altae
593 3724 652 3765 neu
667 3707 757 3765 erede
778 3708 889 3785 paludi,

179 3796 239 3854 Aut
255 3797 305 3854 ubi
320 3797 393 3858 odor
406 3801 486 3859 coeni
499 3802 611 3879 gravis,
628 3812 680 3860 aut
695 3802 745 3860 ubi
760 3822 895 3861 concava
908 3803 995 3881 pulsu

179 3889 260 3947 Saxa
273 3901 390 3963 sonant,
407 3894 549 3969 vocisque
564 3894 680 3953 offensa
693 3897 816 3955 resultat
831 3897 940 3974 imago,
1130 3899 1172 3957 50

218 3983 308 4052 Quod
323 3997 468 4063 superest,
487 3989 535 4047 ubi
551 3988 666 4066 pulsam
680 3990 809 4049 hiemem
823 3991 873 4048 Sol
888 4010 999 4050 aureus
1014 3990 1076 4070 egit

179 4079 241 4136 Sub
255 4087 363 4150 terras,
379 4081 548 4157 coelumque
564 4081 670 4140 aestivri
683 4083 750 4140 luce
765 4084 899 4155 reclusit,

179 4171 244 4233 Illae
258 4172 397 4232 contiuud
412 4174 506 4233 saltus
520 4175 672 4252 silvasque
687 4185 857 4255 peragrant,
