2692 5122
406 448 410 457 ι

484 718 683 768 Buconica
713 720 792 768 ECL.
808 721 865 769 111.
1137 731 1174 790 η

182 852 283 924 Quem
296 875 363 915 mea
375 857 556 917 canninibus
569 859 728 918 meruisset
742 860 853 932 fistula,
870 879 995 939 caprum
1008 861 1020 918 l

182 949 216 1008 Si
228 950 338 1022 nescis,
353 970 438 1009 meus
452 952 501 1010 ille
515 972 608 1031 caper
621 952 674 1011 luit
692 973 700 1023 ;
724 955 839 1013 etmihi
853 954 974 1014 Damon
1029 966 1031 972 ⁴

182 1041 252 1122 Ipse
266 1043 426 1118 fatebatur,
441 1045 496 1104 sed
509 1045 635 1105 reddere
650 1066 738 1124 posse
752 1049 893 1127 negabat.

589 1222 765 1265 nannents.
796 1264 798 1270 ,

183 1326 343 1389 Cantando
356 1335 388 1387 tu
402 1327 483 1387 illum
498 1328 509 1385 ?
531 1337 582 1387 aut
596 1349 727 1406 unquam
737 1330 790 1389 tibi
803 1330 904 1389 fistula
916 1328 990 1392 ceria

181 1421 295 1482 Juncta
309 1422 361 1481 luit
379 1420 389 1477 i
409 1441 469 1481 non
482 1430 514 1481 tu
528 1424 558 1481 in
572 1424 678 1495 triviis,
690 1424 824 1496 indocte,
841 1425 960 1488 solebas

183 1515 322 1576 Stridenti
335 1515 477 1575 miserum
489 1515 599 1595 stipulis
613 1516 786 1596 disperdere
800 1536 923 1577 carmen
941 1518 953 1576 i

591 1693 757 1734 DAMOETAS.

181 1797 239 1857 Vis
251 1818 334 1878 ergo,
350 1798 428 1858 inter
440 1818 506 1872 noe,
522 1801 592 1877 quid
606 1801 699 1879 possit
714 1810 853 1876 uterque,
870 1800 1002 1860 vicissim

180 1892 404 1971 Experiamur?
426 1913 484 1972 ego
497 1894 576 1952 hanc
591 1894 715 1959 ,vitulam
730 1893 781 1970 (ne
797 1892 871 1952 sortd
885 1912 1020 1969 recuses,

180 1984 233 2046 Bis
247 1985 327 2044 venit
341 1985 379 2044 ad
394 1988 559 2059 mulctram,
574 1988 660 2046 binos
674 1990 726 2046 alit
741 1989 832 2046 ubere
848 1986 952 2066 foetus)

180 2077 308 2160 Depone
323 2097 331 2136 ε
352 2086 385 2138 tu
400 2079 458 2152 dic,
474 2100 591 2140 mecum
606 2102 665 2158 quo
680 2082 804 2160 pignore
819 2089 928 2140 certes.

587 2257 764 2300 MENALCAS·

180 2358 229 2420 De
243 2379 336 2440 grege
349 2380 409 2419 non
423 2361 519 2419 ausim
532 2362 693 2439 quidquam
707 2362 856 2441 deponere
870 2371 992 2423 tecum:

179 2453 237 2513 Est
249 2455 320 2512 mihi
333 2474 462 2530 namque
477 2455 555 2512 domi
572 2465 665 2532 pater,
681 2465 727 2513 cst
741 2457 852 2531 injusta
865 2475 1016 2526 novercaJ

180 2546 291 2624 Bisque
306 2548 353 2606 die
368 2556 525 2606 numerant
542 2549 629 2606 ambo
643 2568 747 2626 pecus,
764 2548 840 2606 alter
854 2556 884 2606 et
898 2548 1009 2609 hedos.

181 2639 303 2713 Veriim,
320 2640 348 2698 id
364 2640 442 2717 quod
456 2641 548 2700 multd
564 2651 625 2700 tute
637 2642 700 2720 ipse
715 2642 847 2701 fatebere
862 2641 970 2718 majus,

183 2733 330 2810 (insanire
344 2734 417 2792 libet
431 2736 569 2810 quoniam
584 2736 647 2813 tibi)
662 2736 769 2812 poeula
784 2754 891 2813 ponam

180 2827 307 2907 Pagina,
323 2830 460 2888 celatum
475 2830 565 2887 divini
579 2850 653 2908 opus
667 2830 882 2888 Alcimedontis
898 2848 906 2899 ;

179 2921 277 2980 Lenta
291 2923 399 2999 quibus
412 2933 497 2981 torno
512 2924 591 2982 facili
606 2923 796 3000 superaddita
811 2924 879 2982 vitis

179 3014 313 3074 Diffusus
327 3015 440 3075 hederd
454 3017 540 3075 vestit
555 3018 683 3094 pallente
698 3019 865 3094 corymbos.

180 3109 214 3168 ln
227 3111 325 3168 medio
339 3111 397 3168 duo
411 3112 515 3188 signa:
539 3110 658 3182 Conon,
674 3122 703 3170 et
719 3155 725 3168 .
743 3156 749 3170 .
767 3156 773 3170 .
791 3112 858 3188 quis
873 3111 926 3170 fuit
940 3112 1027 3186 alter,
1127 3114 1167 3172 40

177 3202 346 3283 Descripsit
360 3204 444 3263 radio
457 3214 549 3262 totum
564 3205 614 3281 qui
628 3206 767 3283 gentibus
781 3209 894 3277 orbem,

178 3296 328 3375 Tempora
343 3318 410 3374 quae
424 3317 547 3368 messor,
565 3318 631 3374 quae
645 3318 756 3357 curvus
770 3310 872 3357 arator
884 3299 1009 3359 haberet
1024 3299 1035 3358 ἓ

178 3389 314 3449 Necdum
328 3392 386 3450 illis
399 3392 484 3450 labra
498 3392 625 3462 admovi,
641 3391 693 3449 sed
708 3391 828 3450 condita
841 3411 938 3452 servo.

588 3567 752 3608 DAMOETAS.

177 3672 218 3731 Et
231 3674 316 3731 nobis
330 3674 407 3732 idem
420 3674 597 3733 Alcimedon
611 3675 669 3733 duo
684 3676 791 3752 pocula
806 3676 886 3749 fecit,

176 3764 217 3823 Et
231 3767 310 3825 molli
324 3768 437 3825 circum
450 3777 496 3826 est
510 3788 600 3826 ansas
615 3769 767 3845 amplexus
782 3770 910 3828 acantho
925 3788 933 3826 ε
1123 3772 1164 3833 46

177 3857 358 3937 Orpheaque
374 3861 403 3918 in
418 3862 512 3920 medio
527 3862 634 3939 posuit,
650 3863 800 3938 silvasque
815 3870 985 3938 sequentes.

175 3952 313 4011 Necdum
328 3954 385 4012 illis
398 3956 483 4013 labra
498 3956 623 4027 admovi,
640 3955 693 4013 sed
707 3957 826 4014 condita
840 3977 938 4018 servo.

177 4045 260 4104 stau
274 4047 395 4106 vitulam
409 4056 538 4128 spectas,
555 4050 626 4108 nihil
640 4058 686 4108 est
701 4049 779 4127 quod
793 4051 902 4128 pocula
915 4050 1029 4112 laudes.

581 4225 756 4267 MENALGAS.

175 4324 336 4406 Nunquam
349 4328 436 4386 hodie
451 4329 596 4408 effugies:
618 4330 745 4402 veniam,
762 4351 951 4409 quocumque
966 4330 1095 4394 vocaris.

175 4418 284 4478 Audiat
298 4421 363 4480 haec
376 4422 500 4495 tantum,
517 4422 564 4481 vel
579 4425 628 4500 qui
642 4425 744 4494 venit3
770 4444 854 4498 eece,
869 4425 1042 4487 Palaemoni
1121 4427 1163 4487 60

175 4510 322 4588 Efficiam,
339 4516 462 4594 posthac
477 4535 513 4575 ne
529 4536 707 4595 quemquam
721 4538 794 4578 voce
809 4521 954 4580 lacessas.

412 4613 432 4668 2
