2692 5122
477 811 480 817 '
505 812 693 870 'snarnos
711 820 780 869 ara
795 820 826 869 x.

182 961 266 1021 Hinc
280 963 451 1020 Sthenelum
465 962 547 1039 petit,
564 970 593 1021 et
608 962 710 1021 Rhoeti
724 961 761 1020 ds
775 969 866 1040 genta
880 959 998 1021 vanata

183 1055 411 1127 Anchemolum,
429 1056 573 1114 thalamos
588 1074 694 1113 ausum
707 1056 856 1113 incestare
871 1075 1020 1116 novercis.

183 1146 246 1207 Vos
261 1151 350 1207 etiam
364 1149 474 1228 gemini
487 1150 609 1207 Rutulis
622 1150 773 1208 cecidistis
787 1150 816 1208 in
831 1149 921 1220 arvis,
1106 1151 1169 1210 890

183 1243 314 1315 Daucia,
329 1244 440 1302 Laride
454 1245 678 1321 Th5mberque,
694 1245 840 1302 simillima
855 1244 964 1321 proles,

185 1337 351 1396 Indiscreta
362 1338 433 1409 suis,
450 1346 614 1415 gratusque
629 1338 803 1414 parentibus
817 1356 920 1395 error:

185 1430 227 1490 At
241 1451 321 1489 nuuc
334 1431 408 1489 dura
422 1431 501 1488 dedit
516 1432 600 1489 vobis
613 1430 783 1488 discrimina
799 1431 900 1490 Pallas
915 1450 922 1488 ε

185 1523 263 1583 Nam
276 1525 340 1595 tihi,
356 1525 518 1601 Thymbre,
535 1533 622 1602 caput
637 1524 808 1581 Evandrius
822 1525 943 1584 abstulit
957 1525 1038 1584 cusis
1052 1544 1060 1596 ς

81 1677 83 1680 ,
183 1614 229 1675 Te
244 1617 345 1676 decisa
359 1638 455 1689 suum,
470 1618 593 1689 Laride,
610 1618 734 1676 dextera
749 1620 864 1696 quaerit,

186 1710 427 1787 Semanimesque
442 1712 551 1769 micant
566 1711 660 1789 digiti,
678 1712 848 1787 ferrumque
863 1719 1037 1772 retractant.

221 1804 358 1862 Arcadas
373 1812 516 1862 accensos
531 1805 652 1875 monitu,
669 1812 698 1862 et
713 1805 861 1882 prsaclara
873 1814 992 1863 tuentes

184 1895 279 1955 Facta
292 1898 357 1968 viri,
373 1899 481 1955 mixtus
495 1896 578 1956 dolor
592 1908 621 1956 et
635 1898 730 1976 pudor
743 1907 838 1956 armat
852 1899 882 1955 ln
896 1898 1008 1958 hostes.

184 1991 260 2049 Tum
274 1991 375 2049 Pallas
390 1992 498 2070 bijugis
512 1991 674 2070 fugientem
688 1993 820 2050 Rhoetea
835 2000 944 2069 praeter

182 2079 317 2161 trajicit.
360 2085 430 2143 Hoc
448 2087 585 2163 spatium,
600 2095 775 2162 tantumque
789 2106 880 2144 moras
895 2085 949 2145 fuit
964 2085 1030 2145 llo:

184 2168 228 2235 Ilo
241 2197 370 2254 namque
385 2180 487 2256 procul
501 2180 628 2237 validam
641 2179 791 2238 direxerat
805 2181 932 2252 hastam,

185 2269 282 2337 Quam
296 2272 411 2329 medius
424 2273 572 2331 Rhoeteus
586 2273 746 2350 intercipit,
763 2274 872 2350 optime
886 2273 1034 2345 Teuthra,

183 2362 228 2421 Te
243 2364 370 2443 fugiens,
387 2366 569 2441 fratremque
583 2366 687 2441 Tyren
703 2385 711 2434 ;
735 2384 887 2441 curruque
906 2367 1024 2426 volutus

184 2457 280 2518 caedit
294 2461 465 2518 semanimis
478 2460 658 2517 Rutulorum
672 2459 805 2517 calcibus
820 2478 901 2518 arva.

183 2552 227 2611 dc
242 2554 332 2624 velut,
348 2553 450 2630 optatd
465 2554 561 2610 ventis
576 2560 679 2610 aestate
696 2552 817 2623 coortis,

182 2646 327 2723 Dispersa
341 2647 467 2704 immittit
482 2647 563 2704 silvis
578 2646 715 2704 incendia
730 2655 830 2723 pastor
843 2666 851 2715 ;

184 2738 339 2816 correptis
352 2739 450 2797 subito
465 2740 579 2811 mediis,
596 2739 765 2797 extenditur
778 2738 840 2798 uni

183 2832 313 2891 Horrida
327 2834 469 2911 perlatos
484 2835 566 2891 acies
580 2833 730 2891 Vulcania
744 2848 888 2911 campos3

185 2926 235 2985 llle
250 2928 357 2985 sedens
370 2928 465 2984 victor
478 2928 611 2984 flammas
625 2926 778 3004 despectat
792 2937 926 2988 ovantes.

182 3016 249 3078 Non
264 3023 351 3078 aliter
365 3019 477 3080 sechim
491 3023 584 3079 virtus
599 3023 657 3080 coit
672 3023 766 3080 omnis
782 3023 812 3080 in
827 3043 927 3095 unum,

183 3112 286 3190 Teque
298 3115 392 3190 juvat,
409 3116 503 3174 Palla.
546 3117 605 3173 Sed
620 3117 705 3173 bellis
719 3135 791 3174 acer
804 3117 940 3174 Halesus

182 3206 288 3266 Tendit
303 3210 333 3265 in
349 3209 500 3280 adversos,
516 3229 608 3285 seque
623 3210 652 3266 in
666 3229 721 3267 sua
735 3210 847 3287 colligit
861 3229 953 3268 arma

181 3299 241 3358 Hic
256 3313 365 3359 mactat
381 3302 516 3373 Ladona,
533 3302 734 3378 Pheretaque,
750 3303 1039 3378 Demodocumque;

183 3394 348 3470 Strymonio
362 3393 496 3452 dextram
510 3395 636 3471 fulgenti
650 3395 755 3470 deripit
770 3413 842 3451 ense

181 3483 300 3545 Elatam
314 3488 343 3545 in
355 3488 513 3564 jugulum3
538 3507 612 3544 saxo
627 3487 694 3546 ferit
709 3506 761 3544 ora
775 3487 932 3558 Thoantis,

181 3580 319 3657 Ossaque
333 3582 471 3658 dispersit
485 3582 611 3638 cerebro
627 3581 771 3657 permixta
784 3588 918 3638 cruento.

180 3672 255 3732 Fata
271 3695 382 3732 canens
397 3675 479 3732 silvis
497 3675 616 3751 genitor
628 3672 741 3731 celarat
756 3673 904 3731 Halesum
917 3692 925 3742 ;

180 3765 218 3825 Ut
232 3769 334 3826 senior
347 3769 406 3826 leto
421 3769 560 3826 canentia
575 3769 684 3825 lumina
698 3767 794 3838 solvit,

181 3858 317 3937 lnjecdre
332 3880 448 3919 manum
463 3862 578 3931 Parcas,
594 3862 721 3936 telisque
736 3861 894 3920 sacrarunt

178 3951 322 4013 Evandri.
366 3956 464 4022 Quem
478 3957 522 4013 sic
536 3956 638 4013 Pallas
652 3956 734 4031 petit,
751 3955 819 4013 auth
834 3963 995 4031 precatus:

178 4045 228 4105 Da
242 4068 332 4119 nunc,
348 4050 442 4125 Tybri
457 4058 550 4126 pater,
567 4049 656 4118 ferro,
673 4048 751 4124 quod
765 4048 876 4105 missile
890 4047 977 4120 libro,

177 4141 342 4200 Fortunam
357 4153 445 4220 atquc
460 4145 538 4201 viam
551 4144 617 4201 duri
632 4162 685 4221 per
699 4151 802 4220 pectus
816 4142 924 4201 Halesi
939 4163 946 4199 ι

177 4234 255 4295 Haec
271 4257 354 4294 arma
368 4239 550 4313 exuviasque
566 4238 621 4294 viri
634 4247 687 4294 tua
701 4256 830 4313 quercus
844 4236 973 4295 habehit.

176 4331 277 4388 Audiit
293 4332 343 4388 illa
357 4331 431 4388 deus
447 4349 453 4388 :
477 4331 546 4389 dum
560 4332 632 4388 texit
647 4331 771 4388 Imaona
784 4329 928 4401 Halesus,

176 4422 309 4482 Arcadio
324 4425 424 4482 infelix
436 4421 497 4482 talo
511 4425 561 4484 dat
575 4432 680 4502 pectus
694 4425 846 4482 inermum.
1099 4423 1159 4482 425

214 4520 254 4576 At
268 4539 327 4575 non
343 4519 424 4576 caede
440 4520 494 4577 viri
507 4518 592 4577 tanti
605 4518 761 4596 perterrita
773 4517 904 4587 Lausus,

174 4609 251 4670 Pars
264 4612 372 4692 ingens
385 4613 465 4682 helii,
481 4613 550 4671 sinit
561 4613 693 4691 agmina.
735 4610 852 4671 Primus
866 4609 1018 4671 Abantem

451 4708 518 4764 24³
850 4720 881 4760 ss
