2692 5122
508 782 682 832 AENEIDOS
701 783 771 831 ΗΒ.
785 780 832 830 11.

175 923 351 1002 Agnoscunt
366 920 471 980 faciem
484 921 608 979 invisam
622 931 711 999 atque
726 921 865 981 immania
878 921 1011 979 membra

175 1014 300 1074 'lhrhati
315 1015 411 1072 subitd
423 1016 582 1073 AEneadae.
623 1015 702 1071 Tum
716 1014 871 1072 Pandarus
885 1014 992 1091 ingens

175 1108 304 1178 Emicat,
320 1117 360 1178 et,
376 1108 477 1164 mortis
492 1108 630 1164 fraternae
645 1106 773 1164 fervidus
788 1106 842 1177 iria,

175 1198 313 1259 Effatar:
336 1201 404 1258 Non
418 1201 483 1259 haec
497 1200 603 1257 dotalia
616 1200 701 1276 regia
714 1201 840 1271 Amata,

176 1294 241 1353 Nec
256 1294 347 1350 muria
362 1294 479 1351 cohibet
494 1293 596 1369 patriis
611 1293 706 1350 media
721 1293 824 1351 Ardea
843 1293 986 1352 Turnum.

177 1386 287 1448 Castra
300 1387 419 1445 inimica
432 1386 514 1443 videa
530 1406 537 1455 ;
562 1387 643 1443 nulla
657 1387 725 1443 hinc
740 1387 821 1444 exire
836 1396 976 1464 potestas.

175 1479 234 1539 Olli
247 1480 404 1538 subridens
417 1479 520 1537 sedato
535 1491 654 1556 pectore
668 1480 789 1537 Turnus
803 1499 809 1536 :

177 1571 289 1650 Incipe,
304 1574 330 1631 si
346 1592 404 1650 qua
417 1574 513 1630 animo
528 1574 631 1643 virtus,
649 1580 676 1629 et
692 1592 816 1630 consere
830 1572 983 1643 dextram3

176 1665 235 1724 Hic
250 1667 339 1723 etiam
354 1667 504 1723 inventum
518 1666 637 1724 Priamo
651 1666 788 1723 narrabis
802 1666 958 1725 Achillem.

175 1757 320 1817 Dixerat:
344 1759 392 1816 ille
406 1759 510 1817 rudem
524 1758 607 1816 nodis
621 1767 650 1816 et
665 1759 775 1816 cortice
790 1758 882 1816 crudo

176 1851 329 1929 Intorquet
344 1854 464 1910 summis
479 1852 603 1910 adnixus
617 1853 729 1910 viribus
743 1852 866 1911 hastam.

175 1943 331 2022 Excepere
346 1965 427 2002 aurae
442 1946 548 2002 vulnus
562 1963 570 2014 ;
593 1945 732 2003 Saturnia
744 1945 825 2003 Juno

175 2035 308 2096 Detorait
323 2039 444 2095 veniens
458 2058 465 2106 ;
490 2047 641 2115 portaeque
655 2039 787 2116 infigitur
801 2039 896 2099 hasta.

85 2189 87 2193 ,
176 2129 215 2189 Ar
229 2150 288 2188 non
303 2131 359 2188 hoe
373 2131 473 2201 telum,
490 2150 555 2189 mea
571 2131 649 2208 quod
664 2132 691 2190 vi
706 2132 828 2189 dextera
842 2140 951 2204 versat,

176 2222 311 2300 Effugica
327 2242 334 2291 ;
358 2243 454 2300 nequa
469 2225 546 2282 anim
560 2226 585 2282 is
598 2226 650 2283 teli
664 2244 720 2283 nec
734 2226 866 2282 vulneris
879 2234 993 2285 auctor.

178 2316 225 2374 Sic
239 2317 290 2387 ait,
307 2325 336 2374 et
350 2318 497 2375 sublatum
511 2318 569 2375 altd
584 2319 736 2394 consurgit
750 2318 779 2374 in
794 2337 905 2388 ensem,

176 2407 216 2467 Et
229 2411 355 2466 mediam
370 2410 448 2467 ferro
462 2411 581 2487 gemina
595 2411 671 2467 inter
684 2419 816 2486 tempora
830 2411 955 2469 frontem

176 2500 298 2573 Dividit,
314 2503 507 2580 impubesque
522 2503 640 2559 immani
654 2504 776 2560 vulnere
790 2504 892 2562 malas.

177 2595 222 2656 Fit
237 2617 349 2666 sonus,
373 2598 485 2675 ingenti
499 2617 647 2655 concussa
660 2610 705 2655 est
721 2599 849 2674 pondere
864 2597 971 2657 tellus:

178 2689 335 2767 collapsos
349 2700 430 2747 artus
445 2698 534 2766 atque
550 2710 632 2747 arma
646 2700 770 2748 cruenta
784 2693 908 2749 cerebro

178 2784 285 2841 Sternit
300 2784 379 2840 humi
392 2783 520 2840 moriens
535 2802 541 2852 ;
567 2793 656 2859 atque
673 2784 713 2840 illi
729 2785 860 2861 partibus
875 2785 969 2862 arquis

176 2875 246 2934 Huc
262 2885 350 2952 caput
365 2886 453 2951 atque
468 2877 538 2934 illuc
552 2877 674 2934 humero
688 2897 724 2934 ex
741 2886 864 2955 utroque
878 2877 1025 2956 pependit.

213 2970 382 3048 Diffugiunt
398 2972 475 3028 versi
488 2972 605 3049 trepida
618 2972 770 3031 formidine
786 2972 900 3032 Troes:

176 3063 224 3136 Et,
241 3066 266 3122 si
281 3065 421 3121 continud
436 3066 576 3123 victorem
592 3084 628 3122 ea
642 3085 714 3123 cura
729 3067 866 3137 subisset,

176 3157 327 3234 Rumpere
343 3159 474 3215 claustra
488 3177 587 3229 manu,
604 3159 760 3234 sociosque
775 3160 930 3218 immittere
945 3159 1047 3238 portis,

176 3250 303 3310 Ultimus
318 3252 365 3309 ille
379 3252 443 3309 dies
457 3253 534 3309 hello
550 3253 690 3329 gentique
709 3252 831 3321 suisset3

177 3346 233 3404 Sed
250 3347 331 3403 furor
345 3348 496 3404 ardentem
511 3348 660 3422 caediaque
675 3348 779 3404 insana
793 3347 901 3424 cupido

176 3441 247 3519 Egit
263 3443 291 3499 in
306 3442 456 3500 adversos.
710 3515 714 3527 ·

176 3534 325 3611 Principio
339 3535 487 3592 Phalerim
502 3542 542 3603 et,
559 3534 676 3590 succiso
690 3535 808 3611 poplite,
822 3535 931 3612 Gygen

176 3627 294 3706 Excipit
312 3647 319 3696 ;
343 3629 410 3685 hinc
426 3636 524 3703 raptas
539 3626 718 3702 fugientibus
733 3627 840 3705 ingerit
854 3628 955 3686 hastas

178 3718 212 3779 ln
225 3730 342 3798 tergum
357 3741 364 3777 ι
386 3722 406 3778 J
409 3740 465 3777 uno
480 3721 557 3777 vires
572 3720 758 3795 animumque
774 3715 927 3780 ministrat.

177 3813 265 3872 Addit
280 3814 392 3890 Halym
407 3814 553 3883 comitem,
571 3820 599 3869 et
614 3811 731 3870 confixi
744 3813 868 3891 Phegea
881 3813 985 3891 parmai
1001 3833 1009 3884 ;
1100 3815 1159 3874 '165

178 3905 304 3986 Ignaros
318 3909 423 3966 deinde
440 3908 469 3964 in
484 3909 584 3977 muris,
603 3907 788 3983 Martemque
805 3910 930 3981 cientes,

177 4001 427 4077 Alcandrumque,
444 4001 638 4076 Haliumque,
654 4001 682 4057 N
685 4003 879 4077 oemonaquo,
894 4002 1107 4080 Prytanimque
1122 4019 1129 4059 :

176 4091 300 4170 Lyncea
314 4095 481 4151 tendentem
494 4095 609 4164 contrh,
626 4094 781 4169 sociosque
797 4104 962 4168 vocantem,

177 4183 313 4244 Vibranti
329 4187 426 4263 gladio
440 4188 584 4244 connixus
598 4189 635 4244 ah
651 4181 762 4265 ag‘gcre
782 4189 886 4246 dexter

178 4277 313 4357 Occupat
331 4300 337 4348 ;
362 4281 430 4338 huic
444 4300 502 4338 uno
517 4281 664 4356 dejectum
678 4284 841 4340 comminue
855 4282 914 4341 ictu
1100 4282 1160 4341 rto

179 4371 255 4431 Cum
270 4371 360 4450 galei
374 4374 460 4451 longe
471 4375 565 4449 jacuit
580 4384 677 4451 caput.
720 4375 792 4433 lnde
809 4376 937 4434 serarum

179 4463 368 4523 vastatorem
383 4469 538 4543 Amycum,
556 4488 614 4545 quo
629 4489 686 4526 non
702 4469 814 4527 felicior
829 4469 905 4527 alter

179 4554 299 4637 Ungere
314 4560 376 4617 tela
389 4579 487 4631 manu,
504 4561 673 4639 ferrumque
688 4581 803 4620 armare
817 4579 953 4620 veneno:

486 4656 552 4710 23*
