2692 5122
1042 354 1046 365 ι
1158 356 1298 395 '0'

1059 450 1115 473 10

465 775 641 842 marinos
660 796 730 843 mn.
744 796 790 843 rvr

150 928 209 992 cui
224 950 257 989 se
272 930 398 1008 pulchra
412 931 475 991 viro
489 932 629 1012 dignetur
644 935 772 1012 jungere
785 933 866 993 Dido
879 952 888 1004 ;

129 1022 239 1085 'Nunc
253 1024 381 1082 hiemem
395 1024 472 1083 inter
485 1046 518 1084 se
533 1029 614 1098 luxu,
633 1031 723 1104 qudm
736 1029 835 1105 longa,
852 1027 963 1098 lovere,

148 1117 326 1196 Regnorum
347 1118 543 1191 immemores,
559 1122 697 1198 turpique
713 1121 849 1198 cupidine
865 1128 977 1197 captos.

149 1210 230 1269 Hac
244 1211 354 1288 passim
368 1211 426 1270 dea
440 1212 520 1271 forda
535 1212 630 1271 virtim
644 1214 777 1272 diffundit
792 1215 821 1271 in
835 1234 897 1272 ora.
1082 1213 1138 1271 195

150 1302 301 1362 Proteuus
316 1305 354 1362 ad
369 1324 471 1383 regern
485 1325 593 1364 cursus
607 1307 762 1383 detorquet
778 1307 899 1378 Iarban,

151 1395 349 1474 Incenditque
364 1399 493 1457 animum
509 1399 605 1472 dictis,
622 1410 712 1476 atque
728 1411 853 1477 aggerat
870 1400 950 1491 iras.r

190 1489 253 1548 Hic
267 1489 437 1550 Hammone
451 1501 547 1564 satus,
562 1493 648 1571 rapti
661 1494 877 1552 Garamantide
891 1491 1030 1571 nymphia,

150 1582 279 1660 Templa
290 1584 360 1642 Jovi
379 1592 499 1643 centum
516 1587 583 1644 latis
597 1587 736 1645 immania
750 1587 863 1664 regnis,

152 1673 284 1734 Centum
299 1695 368 1735 aras
383 1678 502 1754 posuit;
525 1679 705 1758 vigilemque
720 1687 893 1737 sacraverat
907 1679 1016 1758 iguem,
1081 1679 1139 1736 000

150 1767 305 1828 Excubiae
320 1768 418 1828 diutim
434 1779 572 1843 aeternas,
589 1773 795 1850 pecudumque
816 1791 922 1831 cruore

151 1861 270 1940 Pingue
284 1863 390 1936 solum,
407 1873 436 1922 et
451 1865 541 1922 variis
556 1865 691 1923 florentie
706 1866 806 1923 limina
820 1865 917 1924 sertis.

152 1954 245 2031 laque
260 1975 362 2015 amens
377 1958 475 2029 animi,
492 1971 521 2016 et
535 1977 653 2016 rumore
668 1979 814 2017 accensus
830 1978 941 2030 amaro,

152 2047 274 2107 Dicitur
287 2059 356 2108 ante
371 2069 449 2122 aras,
466 2051 562 2109 media
577 2053 654 2110 inter
667 2053 788 2111 numina
802 2049 911 2125 divium,

151 2141 251 2201 Multa
263 2144 371 2203 Jovem
385 2147 519 2204 manibus
533 2146 656 2224 supplex
671 2149 773 2206 ordsse
789 2147 921 2224 supinis:
1082 2145 1141 2203 005

152 2235 272 2314 Jupiter
284 2239 479 2316 omnipotens,
495 2240 545 2298 cui
558 2260 637 2299 nuno
651 2240 808 2298 Maurusia
822 2240 908 2317 pictis

153 2328 239 2387 Gens
254 2331 374 2408 epulata
387 2333 460 2390 toria
473 2333 618 2392 Lenaeum
633 2334 705 2391 libat
718 2334 871 2403 honorem,

153 2421 294 2500 Adspicis
308 2423 372 2482 haec
387 2425 398 2481 ἒ
419 2444 457 2483 an
472 2438 512 2496 te,
529 2427 658 2504 genitor,
676 2445 764 2502 quum
779 2425 903 2483 fulmina
915 2432 1049 2500 torques,

153 2515 365 2593 Nequidquam
380 2519 561 2576 horremus?
583 2519 716 2595 caecique
732 2519 761 2575 in
775 2517 903 2575 nubibus
917 2517 1003 2594 ignes

154 2607 335 2668 Terrificant
351 2611 475 2681 animos,
492 2622 521 2669 et
535 2611 635 2668 inania
649 2630 800 2667 murmura
814 2609 938 2666 miscent
954 2609 965 2665 l
1085 2608 1144 2666 010

153 2702 303 2775 Foemiua,
322 2724 398 2780 quae,
415 2706 523 2763 nostris
538 2724 642 2762 errans
657 2705 686 2761 in
706 2705 824 2774 linibus,
841 2704 945 2760 urbem

154 2795 305 2874 Exiguam
321 2799 414 2875 pretio
429 2799 534 2875 posuit,
553 2798 602 2856 cui
616 2798 696 2855 littus
711 2796 865 2867 orandum,

157 2887 276 2966 Cuique
291 2891 349 2967 lpci
363 2891 446 2969 leges
460 2892 604 2962 dedimus,
621 2890 770 2948 connubia
784 2898 886 2947 nostra

155 2981 290 3060 Repulit,
307 3004 344 3043 ac
357 2985 505 3042 dominum
518 2985 642 3042 AEnean
658 2983 686 3041 in
701 3003 795 3060 regna
810 2982 932 3060 recepit.

155 3075 196 3133 Et
210 3096 291 3135 nunc
304 3078 353 3135 ille
367 3078 464 3149 Paris,
479 3097 545 3136 cum
560 3078 698 3135 semiviro
712 3077 864 3148 comitatu,
1083 3074 1143 3133 015

155 3168 290 3229 Maeonii
302 3179 432 3230 mentum
450 3169 538 3229 mitri
552 3172 723 3248 crinemque
738 3171 906 3228 madentem

157 3264 318 3336 Subnixus,
334 3273 419 3342 rapto
433 3265 561 3342 potitur:
584 3285 639 3322 nos
654 3284 777 3322 munera
791 3262 907 3338 templis

158 3358 277 3437 Quippe
292 3360 350 3418 tuis
364 3360 495 3430 serimus,
512 3359 680 3434 famemque
695 3359 828 3414 fovemus
843 3357 971 3413 inanem.

198 3450 325 3510 Talibus
340 3464 473 3511 orantem
487 3453 584 3523 dictis,
601 3469 730 3524 arasque
745 3457 906 3517 tenentem,
1037 3480 1045 3507 ,

157 3548 261 3608 Audiit
274 3548 479 3625 Omnipotens,
495 3545 658 3619 oculosque
674 3542 711 3599 ad
732 3540 842 3597 moenia
855 3538 940 3597 torsit
1086 3539 1146 3597 000

158 3642 270 3719 Regia,
287 3650 316 3699 et
329 3642 436 3699 oblitos
451 3639 537 3696 samae
553 3635 683 3694 melioris
699 3641 841 3691 amantes.

157 3736 238 3794 Tum
252 3736 296 3793 sic
308 3733 493 3792 Mercurium
509 3729 678 3806 alloquitur,
695 3747 732 3785 ae
746 3728 818 3784 talia
833 3726 952 3786 mandat
968 3745 975 3784 :

158 3830 244 3889 Vade
260 3848 327 3906 age,
344 3837 423 3898 nate,
440 3845 515 3883 voca
529 3823 696 3901 Zephyros,
711 3831 741 3879 et
755 3822 857 3878 labere
873 3821 976 3897 pennis
992 3839 1000 3892 3

158 3922 404 3997 Dardaniumque
420 3920 536 3989 ducem,
551 3915 646 3994 Tyr-it
661 3914 846 3992 Carthagine
863 3914 914 3990 qui
927 3934 1007 3972 nunc

157 4017 335 4093 Exspectat,
353 4015 478 4090 satisque
493 4012 578 4070 datas
592 4031 651 4068 non
666 4008 785 4085 respicit
805 4009 905 4078 urbes,
1087 4008 1146 4065 005

159 4110 335 4185 Alloquere,
352 4115 381 4165 et
396 4107 511 4164 celeres
525 4104 609 4162 deser
623 4122 690 4160 mea
704 4102 784 4159 dicta
800 4120 852 4178 per
866 4119 965 4159 aurae.

159 4203 190 4262 N
193 4223 231 4260 ou
245 4202 325 4259 illum
340 4201 424 4258 nobis
439 4198 575 4276 genetrix
590 4195 790 4273 pulcherrima
803 4194 893 4252 talem

159 4295 311 4365 Promisit,
326 4290 512 4368 Graiumque
527 4291 592 4348 ideo
607 4290 653 4346 bis
667 4289 797 4347 vindicat
811 4287 902 4345 armis
918 4306 926 4356 ;

161 4389 221 4448 Sed
236 4389 310 4459 sore,
327 4387 377 4464 qui
391 4385 546 4464 gravidam
560 4382 690 4459 imperiis
704 4382 842 4457 belloque
857 4382 1032 4439 frementem

161 4482 280 4542 ltaliam
293 4490 424 4558 regeret,
435 4498 536 4560 genus
551 4477 610 4533 alto
626 4495 644 4532 a
658 4475 804 4552 sanguine
819 4474 932 4532 Teucri
1085 4473 1145 4529 030

159 4574 316 4647 Proderet,
334 4594 371 4634 ac
384 4582 478 4632 totum
491 4573 546 4629 sub
560 4571 644 4648 leges
658 4570 786 4626 mitteret
800 4569 910 4625 orbem.

772 4679 791 4718 r
