2692 5122
183 378 223 445 52
464 371 491 419 Ρ.
514 370 684 419 vlnolun
707 368 882 417 musonis

184 510 315 580 Qualem
328 508 409 589 sepe
423 508 500 570 ceri
512 511 620 569 montis
634 509 770 568 convelle
784 508 914 568 solemus

182 603 341 684 Dispicere
354 625 363 676 ;
387 606 446 664 huc
459 605 580 664 summis
593 605 746 682 liquuntur
759 604 881 682 rupibus
895 620 1010 678 amnes,

182 699 376 777 Felicemque
390 698 511 757 trehunt
524 699 626 757 limum
643 716 651 767 ;
676 698 786 774 quique
800 697 898 755 editus
910 697 1033 769 Austro,

182 792 223 852 Et
237 792 345 852 filicem
359 793 458 851 curvis
472 792 598 850 inrisum
611 793 706 869 pascit
722 791 829 850 aratris
844 810 851 848 ε

182 885 245 945 Hic
258 886 312 945 tibi
325 885 503 964 praevslides
516 886 586 944 olim
599 885 751 962 multoque
765 885 893 944 fluentes
1112 885 1167 944 190

183 979 317 1039 Sufficiet
334 979 457 1039 Baccho
471 979 547 1038 vites
560 999 568 1049 ;
592 979 641 1038 bic
655 979 760 1037 fertilis
775 998 851 1050 urse,

183 1071 246 1131 Hic
260 1073 368 1145 laticis,
385 1073 504 1150 qunlem
517 1073 627 1150 peteris
641 1073 767 1131 libamus
781 1080 811 1130 et
825 1090 909 1144 euro,

183 1165 300 1225 Inflavit
315 1183 405 1243 quum
418 1166 537 1245 pinguis
550 1167 624 1225 ebur
637 1166 813 1244 Tyrrhenus
827 1165 865 1222 ed
879 1184 961 1238 eres,

181 1260 334 1321 Leucibus
348 1270 377 1319 et
391 1261 496 1340 pendis
510 1261 653 1321 lumentis
666 1262 817 1320 reddimus
830 1269 908 1323 exte.

183 1357 235 1416 Sin
250 1367 385 1416 armenta
398 1357 494 1436 magis
508 1358 636 1417 studium
651 1358 817 1434 vitulosque
830 1358 919 1432 tueri,
1111 1360 1166 1419 195

181 1452 243 1508 Aut
257 1450 346 1509 soetus
360 1451 469 1522 orium,
485 1459 536 1508 eut
549 1460 670 1510 urentes
684 1451 766 1510 culte
779 1452 928 1528 capelles3

182 1543 284 1602 Sellus
298 1551 328 1601 et
342 1544 435 1602 saturi
449 1545 540 1620 petito
553 1544 717 1622 longinqua
730 1544 864 1615 Tarenti,

181 1636 222 1696 Et
237 1637 355 1714 quelem
370 1636 471 1696 infelix
485 1637 580 1695 emisit
602 1636 728 1695 Mantua
743 1656 890 1714 campum,

180 1730 358 1790 Pascentem
375 1730 478 1789 niveos
492 1731 621 1789 herboso
634 1730 753 1788 flumine
768 1750 890 1808 cycnos.

181 1823 209 1883 N
213 1844 250 1882 on
264 1823 368 1901 liquidi
381 1824 524 1902 gregibus
538 1824 645 1896 fontes,
661 1843 719 1882 non
733 1825 879 1903 gramine,
896 1823 1021 1885 deerunt
1037 1844 1046 1897 ς
1107 1826 1167 1885 200

180 1916 221 1976 Et
238 1917 380 1995 quentiim
398 1917 494 1996 longis
509 1926 632 1995 carpent
646 1927 781 1976 armentu
794 1917 909 1990 diebus,

180 2009 302 2088 Exigue
315 2010 429 2070 tuntirm
442 2010 558 2089 gelidus
572 2030 621 2069 ros
635 2019 722 2069 nocte
737 2019 869 2088 reponet.

221 2103 318 2183 Nigra
331 2103 405 2176 lere,
422 2113 451 2162 et
466 2122 571 2181 presso
585 2103 704 2182 pinguis
717 2104 772 2162 sub
786 2121 906 2161 vomere
919 2111 1011 2177 terre,

180 2197 220 2256 Et
234 2197 283 2256 cui
297 2205 382 2274 putre
396 2197 492 2256 solum
508 2198 649 2274 (nemque
663 2197 721 2256 hoc
735 2197 883 2255 imitemur
897 2197 1037 2278 ureud0,)

180 2290 300 2369 Optime
314 2290 468 2349 frumentis
482 2309 489 2360 ;
513 2309 572 2348 non
587 2290 647 2348 ullo
661 2309 698 2348 ex
713 2309 834 2366 aequore
850 2309 957 2350 cernes
1107 2294 1166 2353 205

179 2382 273 2442 Plure
286 2383 403 2442 domum
417 2381 509 2440 turdis
523 2382 670 2441 decedere
684 2383 817 2460 pleustre
831 2383 989 2458 juvencis:

180 2475 241 2533 Aut
254 2474 331 2533 unde
346 2475 440 2533 iretus
453 2474 557 2532 silvam
572 2474 688 2533 devexit
703 2483 814 2547 eretur,

180 2567 221 2626 Et
235 2586 358 2626 nemore
371 2568 477 2626 evertit
491 2568 598 2626 multos
612 2568 722 2646 igneve
736 2588 789 2645 per
803 2588 907 2642 annos,

180 2659 390 2738 Antiquusque
404 2660 506 2719 domos
520 2661 619 2719 avium
632 2680 700 2719 cum
713 2662 854 2740 stirpibus
868 2663 934 2724 imis

178 2752 268 2812 Eruit
283 2772 290 2810 ε
314 2754 371 2812 illae
386 2754 478 2812 ultum
491 2753 567 2811 nidis
581 2751 695 2832 petiere
710 2756 823 2814 relictis
837 2775 844 2827 ;
1104 2761 1165 2818 210

179 2847 220 2904 At
234 2846 316 2905 rudis
330 2846 434 2905 enituit
456 2847 580 2924 impulso
595 2866 713 2906 vomere
728 2869 860 2927 campus.

180 2939 209 2998 N
211 2959 258 2998 em
274 2939 379 3017 jejune
393 2940 511 3017 quidem
525 2940 628 2999 clivosi
646 2941 751 3020 glarea
764 2944 842 3002 ruris

178 3030 239 3090 Vix
253 3033 377 3092 humiles
392 3033 497 3110 apibus
512 3034 609 3092 casias
627 3054 785 3113 roremque
800 3037 944 3096 ministret
957 3056 966 3109 ;

179 3125 219 3184 Et
237 3127 344 3204 tophus
357 3128 475 3197 sonber,
490 3134 520 3185 et
539 3127 632 3206 nigris
647 3148 740 3187 exese
752 3129 901 3206 chelydris

180 3217 285 3290 Crete,
301 3229 412 3298 negent
427 3220 501 3278 elios
516 3220 601 3297 mque
616 3222 804 3300 serpentibus
818 3242 909 3300 egros
1104 3225 1164 3284 215

178 3311 308 3371 Dulcem
322 3313 400 3371 ferre
415 3313 525 3384 cibum,
541 3322 569 3371 et
585 3333 693 3372 curves
708 3317 840 3392 praebere
855 3316 996 3376 latebras.

219 3405 297 3472 Qum
311 3415 431 3464 tenuem
445 3407 564 3464 exhalet
583 3407 720 3465 nebulam
737 3406 892 3483 fumosque
907 3410 1054 3482 volucres,

178 3498 218 3557 Et
232 3499 304 3556 bibit
318 3498 480 3570 humorem,
497 3507 538 3570 et,
554 3518 643 3576 quum
656 3500 730 3571 vult,
746 3519 783 3557 ex
797 3519 830 3558 se
844 3500 909 3577 ipsu
922 3503 1042 3562 remittit
1058 3521 1067 3574 ς

178 3590 315 3668 Quaeque
330 3611 385 3649 suo
399 3591 485 3649 viridi
498 3611 616 3669 semper
628 3612 661 3650 se
675 3593 810 3670 gramine
825 3594 922 3667 restit,

177 3683 243 3743 Nec
258 3684 360 3742 scabie
374 3693 404 3742 et
417 3683 500 3743 salsi
518 3685 597 3744 laedit
615 3686 752 3763 rubigine
767 3686 878 3745 serrum
894 3706 901 3745 :
1101 3690 1161 3748 220

177 3776 234 3834 Ille
247 3777 302 3835 tibi
314 3778 390 3836 laetis
403 3778 515 3836 intexet
528 3779 637 3837 vitibus
652 3779 747 3838 ulmos
763 3799 770 3848 ;

176 3870 233 3930 Ille
247 3872 331 3930 serus
344 3873 410 3931 oleo
424 3882 469 3931 est
485 3893 494 3944 ;
517 3874 598 3932 illem
610 3872 766 3953 experiere
781 3876 906 3935 colendo

175 3965 216 4024 Et
230 3966 347 4025 facilem
361 3967 473 4043 pecori,
490 3976 519 4025 et
533 3968 693 4045 patientem
708 3970 836 4027 vomeris
850 3969 928 4029 unci.

175 4058 281 4117 Telem
296 4059 379 4118 dives
393 4068 458 4117 erut
473 4058 591 4138 Cepue,
608 4069 637 4119 et
652 4061 750 4120 vicine
763 4062 883 4120 Vesevo

174 4152 238 4214 Ore
252 4153 338 4233 jugo,
354 4160 384 4213 et
398 4153 500 4212 vecuis
515 4153 641 4214 Clanius
655 4174 714 4214 non
728 4175 831 4231 oequus
845 4156 978 4218 Acerris.
1098 4160 1158 4218 225
