2692 5122
77 354 80 362 ’
175 377 237 435 27⁰
460 370 486 418 r.
507 369 672 418 virumn
695 369 866 418 aaronis

176 509 216 568 Et
231 509 363 585 Clytium
376 508 530 580 AEoliden,
547 517 576 566 et
590 508 716 567 amicum
731 509 864 569 Crethea
877 508 974 569 Musis
990 527 999 579 ;

177 602 311 664 Crethea
325 603 480 662 Musarum
493 603 641 672 comitem,
657 603 706 660 cui
721 604 852 660 carmina
865 621 984 679 semper
1102 603 1161 663 'in

175 696 217 755 Et
230 698 352 755 citherae
368 696 460 766 cordi,
477 714 675 771 numerosque
690 696 842 754 intendere
857 695 956 752 nervia
972 713 980 763 ;

177 791 300 867 Semper
314 810 408 866 equos
422 800 511 866 etque
528 808 611 846 arma
625 785 719 847 virium
736 799 916 865 pugnasque
924 788 1061 847 emebat.

215 883 350 942 Tandem
365 883 515 954 ductores,
531 881 634 940 auditi
646 882 728 941 coede
743 900 873 952 suorum,

177 976 366 1036 Conveniunt
379 977 502 1046 Teucri,
518 976 694 1033 Mnestheus
708 994 839 1051 acerque
854 977 992 1033 Serestus
1004 994 1013 1045 ;

175 1069 377 1145 Palantesque
392 1069 491 1127 vident
505 1070 614 1139 socios,
630 1069 802 1144 hostemque
816 1079 979 1145 receptum.
1099 1070 1161 1128 teo

175 1162 216 1221 Et
230 1162 406 1220 Mnestheus
421 1180 428 1218 :
452 1162 522 1229 Qut
537 1161 641 1219 deinde
656 1162 766 1238 sugam,
784 1160 843 1237 qud
857 1161 976 1219 tenditis
992 1161 1003 1217 ?
1023 1160 1128 1238 inquit.

177 1254 262 1322 Quos
277 1255 351 1314 alios
365 1275 475 1326 muros,
493 1274 558 1330 quae
568 1255 631 1329 jem
647 1253 723 1311 ultrd
737 1255 845 1312 moenia
860 1253 1000 1312 habeti?

176 1347 261 1406 Unus
275 1349 371 1418 homo,
388 1356 417 1405 et
431 1349 547 1418 vestris,
564 1348 688 1418 ocives,
704 1347 833 1423 undique
848 1355 950 1424 septus

175 1441 360 1520 Aggeribus,
376 1451 474 1499 tantas
488 1450 605 1518 strages
619 1441 736 1517 impune
753 1461 804 1517 per
819 1443 923 1499 urbem

175 1537 310 1596 Ediderit
327 1537 337 1591 Ρ
355 1538 497 1613 juvenum
512 1537 620 1614 primos
634 1544 676 1593 tot
690 1536 801 1593 miserit
815 1537 896 1596 Orco
912 1536 922 1592 i
1103 1538 1160 1597 786

175 1630 244 1688 Non
260 1629 385 1688 infelicis
399 1630 512 1706 patriae,
529 1638 720 1704 veterumque
735 1629 867 1699 deorum,
883 1621 888 1635 ¹

175 1723 216 1782 Et
230 1724 329 1801 magni
342 1724 465 1794 AEneae,
481 1743 590 1800 segnes
605 1724 783 1799 miseretque
798 1724 945 1800 pudetque
962 1722 974 1779 i

176 1817 301 1874 Talibus
315 1817 436 1874 accensi
451 1817 614 1886 firmantur,
631 1824 659 1872 et
675 1817 791 1893 agmine
805 1817 897 1874 denso

177 1908 364 1968 consistunt.
404 1910 526 1967 Turnus
541 1909 682 1986 paulatim
695 1909 841 1967 excedere
856 1908 968 1988 pugni,

176 2002 217 2062 Et
230 2003 351 2060 fluvium
365 2012 477 2080 petere,
495 2022 530 2084 pc
545 2011 657 2078 partem
673 2022 739 2078 qum
754 2003 882 2080 cingitur
897 2003 985 2062 amni.

177 2096 286 2154 Acrius
300 2097 356 2154 boc
370 2097 483 2153 Teucri
497 2096 626 2153 clemore
641 2095 812 2153 incumbere
827 2115 947 2174 magno,

178 2187 219 2247 Et
233 2190 399 2267 glomerare
413 2209 532 2246 manum
546 2207 553 2245 τ
575 2209 630 2247 ceu
646 2208 758 2247 saevum
771 2192 858 2247 turba
872 2190 1005 2247 leonem'

178 2283 280 2350 Quum
293 2283 360 2340 telis
375 2283 478 2359 premit
493 2282 615 2340 infensis
629 2301 635 2338 :
659 2290 689 2338 at
703 2282 823 2339 territus
837 2282 897 2352 ille,

177 2378 286 2452 Asper,
303 2379 414 2433 acerbe
427 2384 524 2446 tuens,
542 2386 621 2434 retro
636 2377 709 2433 redit
727 2396 734 2444 ;
759 2385 788 2433 et
803 2396 900 2453 neque
914 2386 1001 2454 terga

178 2467 229 2525 Ira
243 2468 314 2524 dare
329 2477 380 2525 eut
395 2469 487 2525 virtus
502 2469 621 2546 patitur,
638 2489 694 2526 nec
708 2469 830 2526 tendere
846 2471 961 2540 contri,

178 2559 233 2617 Ille
249 2560 366 2636 quidem
380 2560 436 2618 hoc
452 2561 585 2638 cupiens,
602 2563 676 2638 potis
691 2570 736 2619 est
752 2582 804 2638 per
818 2562 878 2618 tela
891 2561 1041 2638 virosque.

178 2651 272 2710 Haud
286 2652 371 2710 eliter
385 2662 465 2709 retro
479 2653 585 2711 dubius
599 2656 725 2730 vestigia
738 2655 860 2712 Turnus

178 2745 382 2821 Impropereta
396 2746 497 2816 refert,
514 2756 543 2803 et
557 2766 640 2804 mens
655 2755 797 2805 exaestuat
812 2747 867 2807 ire.

179 2837 260 2905 Quin
275 2839 363 2894 etiam
377 2839 422 2896 bis
435 2847 496 2896 tum
511 2839 623 2897 medios
638 2840 786 2898 invaserat
800 2842 900 2898 hostes
915 2860 923 2909 ;

178 2931 231 2989 Bis
245 2932 368 2989 confusa
382 2931 454 3009 suge
469 2952 521 3008 per
535 2952 634 2989 muros
648 2933 767 3009 agmina
781 2934 877 2991 vertit.

180 3025 238 3083 Sed
252 3045 356 3082 manus
371 3045 387 3081 e
402 3026 509 3083 castris
525 3025 648 3103 propere
663 3026 721 3082 coit
736 3027 829 3083 omnis
843 3027 872 3083 in
886 3044 977 3083 unum
995 3044 1003 3082 ε

179 3119 207 3177 N
210 3139 245 3176 ec
260 3119 365 3176 contrd
379 3119 457 3176 vires
471 3119 560 3176 audet
575 3119 712 3176 Saturnia
727 3118 747 3175 J
750 3137 807 3175 uno

180 3211 323 3268 Sufficere
340 3231 347 3279 ;
372 3212 483 3269 adriam
498 3213 575 3269 coele
590 3231 657 3269 nam
670 3211 789 3286 Jupiter
803 3211 872 3268 Irim

178 3302 316 3374 Demisit,
333 3323 483 3380 germanae
498 3305 576 3361 haud
590 3304 689 3361 mollia
698 3304 785 3378 jussa
799 3304 954 3377 ferentem,

178 3396 219 3454 Ni
233 3397 353 3454 Turnus
367 3397 453 3453 cedet
468 3396 655 3455 Teucrorum
668 3398 813 3455 moenibus
828 3397 903 3455 aitis.

178 3489 263 3567 Ergo
277 3509 332 3546 nec
347 3489 452 3564 clypeo
462 3489 582 3563 juvenis
595 3491 757 3547 subsistere
771 3490 895 3560 tantum,

82 3588 86 3597 “
178 3583 208 3641 N
211 3603 245 3641 ec
260 3581 365 3640 dextri
379 3582 466 3652 velet,
483 3582 599 3657 injectis
613 3584 656 3640 sic
671 3583 800 3658 undique
818 3583 886 3640 telis

179 3676 331 3735 Obruitur.
374 3676 482 3753 Strepit
498 3676 616 3733 assiduo
630 3694 705 3732 cava
718 3684 851 3751 tempora
866 3676 978 3735 circum

179 3769 301 3826 Tinnitu
315 3770 413 3846 galea,
430 3779 459 3827 et
473 3769 552 3826 saxis
567 3768 659 3826 solida
676 3788 734 3825 aere
750 3768 889 3827 fatiscunt
905 3789 913 3839 ;

179 3863 393 3940 Discussasque
404 3864 484 3939 jubm
500 3863 609 3940 capiti;
633 3881 688 3920 nec
703 3863 811 3920 sufficit
826 3865 913 3920 umbo

181 3955 312 4014 lctibus:
336 3957 516 4035 ingeminant
531 3956 622 4013 hastis
637 3965 665 4013 et
679 3957 777 4014 Troes
791 3965 820 4012 ct
834 3957 897 4032 ipse

180 4048 353 4109 Fulmineus
367 4050 551 4109 Mnestheus.
593 4049 671 4106 Tum
684 4059 745 4107 toto
759 4068 884 4125 corpore
899 4049 991 4108 sudor

180 4144 327 4220 Liquitur,
344 4156 372 4204 et
387 4147 503 4223 piceum
519 4143 589 4211 (nec
603 4144 750 4220 respirare
765 4146 909 4223 potestas)
