2692 5122
437 751 641 800 Buconica,
671 753 756 800 ECln
775 753 828 801 Vi.

179 893 227 953 Sis
239 892 337 951 bonus
351 909 369 950 ο
383 891 511 969 felixque
524 892 584 951 tuis
597 895 604 950 Ι
625 911 663 950 en
678 902 808 969 quatuor
821 911 890 952 aras
902 911 911 963 ς

137 987 223 1046 Eoos
237 986 313 1045 duas
327 986 391 1057 tibi,
406 985 540 1063 Daphni,
561 986 647 1057 duas,
664 987 771 1044 altaria
784 986 910 1046 Phoebo.

137 1080 254 1141 Pocula
266 1081 338 1139 bina
351 1099 429 1138 novo
442 1081 609 1157 spumantia
623 1082 702 1139 lacte
717 1081 876 1157 quotannis

140 1173 347 1251 Gratamque
361 1173 420 1232 dno
434 1183 563 1233 statuam
575 1175 628 1232 tibi
643 1176 761 1252 pinguis
774 1175 866 1244 olivi3

138 1267 181 1328 In
194 1268 287 1326 multo
300 1269 330 1326 in
345 1267 447 1346 primis
460 1267 593 1326 hilarans
607 1269 743 1327 convivia
757 1269 890 1341 Baoebo,

137 1363 218 1421 Ante
233 1362 343 1434 focum,
359 1362 385 1420 si
399 1362 493 1440 frigus
507 1362 575 1433 erit,
591 1363 617 1420 si
630 1363 746 1434 messis,
762 1364 792 1422 in
806 1361 922 1438 umbri,

139 1455 221 1515 Vina
234 1475 344 1514 novum
358 1455 477 1514 lundam
491 1455 619 1514 calathis
632 1457 754 1515 Ariusia
767 1467 882 1518 nectar.

139 1549 315 1611 cantabunt
329 1550 400 1608 mibi
412 1548 570 1608 Dnmoetae
584 1558 612 1607 et
626 1549 752 1626 Lyctius
765 1551 893 1629 AEgon;

141 1645 291 1703 Saltantes
304 1644 428 1720 Satyros
440 1642 603 1701 imitabitur
614 1642 837 1720 Alphesiboeus.

140 1737 221 1797 Haeo
233 1737 287 1795 tibi
299 1755 418 1814 semper
430 1744 528 1808 amnt,
544 1745 574 1795 et
589 1755 679 1812 quum
692 1737 836 1796 solemnia
848 1748 918 1797 vota

140 1831 315 1891 Reddemns
328 1830 485 1908 Nymphis,
501 1837 531 1888 et
545 1848 636 1906 quum
650 1829 840 1890 lustrabimus
854 1851 953 1910 agros.

140 1925 222 1985 Dum
232 1925 308 2004 juga
321 1923 429 1982 montis
443 1942 525 2001 aper,
541 1923 647 1983 fluvios
660 1924 728 1982 dum
744 1925 835 2002 piscis
849 1926 969 1999 amabit,

138 2019 282 2095 Dumque
295 2017 396 2094 thymo
410 2026 570 2094 pascentur
584 2035 667 2094 apes,
683 2016 752 2076 dnm
766 2037 834 2076 rora
848 2018 973 2092 cicada,

142 2114 267 2190 Semper
279 2110 374 2169 honos
387 2129 553 2187 nomenque
567 2120 650 2169 tuum
663 2102 827 2189 laudesque
841 2115 1013 2174 manebunt.

142 2206 183 2265 Ut
194 2203 318 2264 Baooho
332 2203 512 2281 Cererique,
526 2204 580 2263 tibi
593 2205 638 2263 sio
652 2214 722 2263 vota
736 2207 894 2282 quotannis
1007 2243 1011 2260 ι

142 2298 295 2379 Agricolae
309 2297 441 2368 sacient3
465 2297 619 2357 damnabis
632 2307 664 2357 tn
679 2318 798 2375 qnoque
812 2300 898 2361 votis.
1007 2302 1010 2308 ’

564 2499 568 2523 ι
577 2473 707 2513 MOPSUS.

145 2584 225 2653 Qum
238 2583 301 2654 tibi,
318 2600 384 2660 qum
397 2580 451 2639 tali
465 2578 587 2638 reddam
600 2599 654 2657 pro
668 2580 800 2639 carmine
815 2581 918 2641 dona?

145 2678 175 2737 N
178 2697 224 2736 am
237 2695 335 2752 neque
350 2695 397 2734 me
411 2675 526 2762 tantum
539 2674 687 2732 venientis
700 2675 804 2733 sibilus
818 2676 922 2749 austri,

145 2772 175 2831 N
177 2791 213 2830 eo
228 2789 372 2850 pereussa
381 2770 487 2846 juvant
500 2769 592 2827 fluctu
606 2778 666 2826 tam
682 2769 791 2840 littora,
807 2789 864 2829 neo
879 2790 945 2847 quaa

148 2867 277 2925 Saxosas
292 2865 370 2923 inter
383 2863 545 2922 decurrunt
559 2862 680 2922 flumina
693 2863 796 2923 velles.

552 3040 726 3081 MENALCAS.

149 3145 220 3207 Hae
234 3154 265 3205 te
278 3164 334 3205 nos
347 3145 448 3223 fragili
461 3144 635 3203 donabimus
649 3145 718 3203 antd
733 3143 854 3205 cicuta:

150 3242 229 3302 Haen
242 3261 308 3314 nos,
328 3247 349 3274 “
359 3241 534 3299 Formosum
549 3239 691 3318 Corydon
707 3241 830 3300 ardebat
843 3241 953 3300 Alexin
966 3260 974 3313 3
988 3243 1008 3270 ”

150 3336 228 3396 Haeo
242 3336 348 3394 eadem
362 3334 473 3406 docuit,
491 3340 512 3366 ‘⁶
523 3332 634 3410 Cujnm
648 3353 741 3411 pecus
756 3334 766 3390 i
789 3354 827 3392 an
848 3334 984 3396 Meliboei
997 3335 1008 3393 l
1020 3336 1040 3365 '³

496 3524 500 3531 ·
581 3509 709 3550 MOPSUS.

153 3620 192 3677 At
205 3626 236 3676 tn
251 3635 335 3677 sume
350 3615 467 3695 pedum,
484 3613 573 3691 quod,
590 3632 636 3671 me
651 3632 742 3690 quum
756 3611 837 3691 saepti
851 3624 984 3694 rogaret,

153 3712 221 3770 Non
234 3711 301 3769 tulit
315 3711 482 3788 Antigenes
498 3709 542 3786 (et
557 3716 620 3765 erat
634 3715 696 3765 tum
710 3707 818 3785 dignus
833 3711 951 3790 amari),

153 3806 329 3864 Formosum
343 3805 463 3881 paribus
475 3801 560 3860 nodis
574 3810 664 3878 atque
680 3821 751 3873 are,
768 3801 920 3865 Menalca.

534 4019 766 4033 *ιι-..-

508 4161 701 4228 ECLOGA
726 4161 787 4226 VI.

573 4324 744 4375 amanus:

158 4469 263 4533 Parma
278 4471 437 4547 Syracosio
451 4469 572 4548 dignata
587 4479 632 4527 est
645 4467 749 4528 ludere
764 4488 852 4526 versu

158 4564 279 4638 Nostra,
295 4583 393 4642 neque
408 4565 526 4623 erubuit
540 4565 629 4622 silvas
643 4564 788 4633 babitare,
806 4561 925 4622 Thalia.
