2692 5122
493 742 668 792 AENEIDOS
687 743 757 792 LIR
773 742 852 792 VIII.

180 880 219 941 Et
232 882 337 960 procul
352 901 370 940 e
383 882 495 941 tumulo
509 901 516 939 :
537 882 683 956 Juvenes,
701 904 768 960 quie
782 901 877 942 cansa
890 883 1009 961 subegit

180 975 303 1055 Ignotos
317 984 433 1034 tentare
449 977 512 1035 vias
528 976 538 1033 ἰ
562 977 620 1053 qud
634 977 754 1035 tenditis
771 978 781 1034 ἰ
804 977 907 1054 inquit.

180 1070 240 1138 Qui
254 1072 376 1149 genus?
397 1071 475 1129 unde
490 1072 576 1130 domo
591 1072 601 1128 ἰ
623 1092 766 1150 pacemne
781 1073 839 1131 huc
854 1072 947 1144 fertis,
965 1091 1004 1131 an
1018 1071 1127 1132 erma?
1198 1114 1202 1119 -

178 1163 255 1223 Tum
270 1174 356 1243 pater
369 1166 488 1223 AEneas
503 1167 592 1243 puppi
606 1167 650 1224 sie
665 1167 743 1224 satur
757 1168 794 1224 ab
810 1165 881 1238 alta,
1111 1167 1167 1226 115

179 1257 387 1336 Paciferaeque
401 1278 490 1317 manu
506 1280 620 1317 ramum
635 1261 789 1336 praetendit
803 1261 888 1318 olivae
902 1279 910 1318 ι

180 1353 369 1431 Trojugenas
385 1374 420 1412 ac
434 1356 496 1412 tela
510 1354 593 1412 vides
607 1355 725 1413 inimica
738 1355 867 1427 Latinis,

179 1446 263 1514 Quos
278 1448 321 1505 ilii
335 1448 413 1505 bello
427 1449 569 1526 profugos
583 1447 675 1526 egere
690 1451 829 1526 superbo,

178 1539 350 1599 Evandrum
364 1542 500 1618 petimus.
543 1543 634 1600 Ferte
649 1542 725 1613 haec,
743 1551 772 1599 et
787 1543 875 1600 dieite
890 1544 984 1601 lectos

177 1633 339 1692 Dardaniae
355 1636 472 1692 venisse
488 1636 591 1706 duces,
608 1636 691 1694 socia
706 1655 790 1693 arma
804 1646 955 1714 rogantes.
1111 1637 1166 1695 120

131 1745 135 1757 ’
179 1726 337 1803 Obstupuit
352 1736 436 1785 tanto
451 1748 612 1805 percussus
626 1730 744 1786 nomine
758 1729 860 1787 Pallas
877 1749 883 1786 :

179 1818 345 1897 Egredere‚
362 1842 379 1878 o
395 1822 574 1897 quicumque
589 1841 632 1893 es,
650 1823 701 1893 ait,
719 1824 881 1899 corquue
896 1831 1049 1899 parentem

178 1913 350 1988 Alloquere‚
368 1934 403 1972 ac
419 1916 529 1972 nostris
543 1916 673 1973 succede
687 1916 851 1974 Penatibus
866 1916 983 1994 hospes.

178 2008 366 2086 Excepitque
381 2029 480 2081 menn,
498 2011 692 2088 dextramque
708 2013 861 2090 ampiexus
875 2011 1003 2072 inhaesit.

177 2100 335 2181 Pnogressi
350 2106 477 2162 subeunt
493 2105 571 2175 luco,
588 2105 768 2182 fluviumque
784 2106 963 2181 relinquunt.
1108 2107 1164 2164 125

213 2196 292 2254 Tum
307 2217 409 2274 regem
424 2198 542 2256 AEneas
556 2199 643 2256 dictis
657 2199 765 2256 effatur
779 2199 882 2256 amieis
898 2218 905 2255 τ

178 2288 293 2366 Optime
307 2289 526 2368 Grajugendm,
541 2292 591 2349 cui
604 2311 651 2349 me
665 2292 801 2350 Fortuna
816 2291 942 2368 precari,

177 2382 215 2441 Et
230 2382 303 2441 vittis
316 2394 450 2460 comptos
465 2385 555 2441 voluit
570 2384 756 2461 praetendere
771 2404 880 2454 ramos,

178 2475 244 2534 Non
259 2477 398 2552 equidem
414 2477 545 2547 exIImui,
561 2475 702 2534 Danafim
717 2477 795 2552 qubd
810 2477 916 2535 ductor
930 2486 959 2536 et
972 2480 1082 2552 Arcas,

177 2568 325 2646 Qubdque
342 2572 378 2627 ab
394 2571 485 2646 stirpe
500 2571 579 2627 sores
594 2571 720 2648 geminis
736 2570 912 2646 conjunctus
926 2572 1060 2643 Atridis3
1108 2575 1163 2632 1³0

178 2663 234 2720 Sed
249 2683 315 2721 mea
330 2683 376 2721 me
391 2665 496 2735 virtus,
513 2673 541 2721 et
556 2672 663 2721 sancta
679 2664 801 2720 oracula
816 2661 924 2736 disfim,

178 2755 368 2834 cognatique
383 2766 493 2833 patres,
511 2767 563 2816 tua
575 2758 664 2815 terris
677 2757 769 2815 didita
783 2758 872 2829 sema,

178 2849 369 2925 Conjunxdre
384 2852 447 2921 tibi,
464 2860 493 2909 et
508 2852 576 2909 satis
590 2850 682 2929 egere
697 2853 853 2911 volentem.

176 2942 349 3014 Dardanus,
367 2944 467 3002 lliacae
483 2947 593 3022 primus
608 2955 693 3022 pater
709 2946 790 3002 urbis
804 2954 833 3003 et
848 2955 962 3019 auctor,

176 3034 311 3107 Electri,
328 3046 359 3094 ut
373 3037 458 3095 Graii
474 3038 639 3115 perhibent,
656 3039 807 3096 Atlantide
822 3048 933 3112 cretus,

177 3132 342 3190 Advehitur
355 3133 491 3190 Teucros
505 3153 511 3189 :
534 3135 687 3191 Electram
701 3135 844 3192 maximus
858 3136 945 3193 Atlas

177 3224 286 3297 Edidit,
305 3227 442 3285 aetherios
457 3227 580 3285 humero
595 3229 645 3303 qni
659 3229 786 3286 sustinet
799 3231 897 3286 orbes.

178 3317 270 3376 Vobis
284 3319 455 3378 Mercurius
470 3330 554 3397 pater
568 3331 624 3391 est,
642 3340 730 3395 quem
745 3321 871 3378 candida
886 3320 970 3378 Maia

179 3411 313 3489 Cyllenae
327 3414 426 3490 gelido
441 3424 617 3489 conceptum
632 3414 744 3470 vertice
760 3414 833 3470 sudit
847 3433 854 3481 ;

176 3505 214 3563 At
229 3506 352 3577 Maiam,
371 3506 478 3563 auditis
492 3507 517 3563 si
533 3506 693 3580 quidquam
709 3505 867 3575 credimus,
885 3506 984 3578 Atlas,
1108 3511 1162 3568 140

178 3597 258 3656 Idem
273 3600 359 3657 Atlas
374 3607 509 3676 generat,
527 3599 597 3656 coeli
612 3600 662 3674 qui
676 3599 775 3656 sidero
789 3599 873 3658 tollit.

178 3691 225 3749 Sic
240 3713 336 3769 genus
351 3694 504 3749 amborum
519 3691 626 3749 scindit
640 3712 673 3749 se
688 3693 834 3770 sanguine
849 3694 886 3750 ab
902 3712 971 3753 uno.

177 3783 234 3842 His
248 3786 352 3856 fretus,
369 3806 427 3844 non
443 3787 569 3862 legatos,
586 3804 683 3861 neque
699 3786 793 3861 prima
807 3806 860 3864 per
874 3796 969 3845 artem

177 3875 375 3937 Testamenta
388 3879 431 3937 tui
446 3880 544 3957 pepigi
558 3898 565 3934 t
588 3899 646 3949 me,
663 3899 709 3936 me
723 3881 797 3956 ipse,
814 3900 972 3958 meumque

175 3970 283 4048 Objeei
298 3982 397 4050 caput,
414 3982 443 4031 et
458 3975 583 4050 supplex
598 3974 635 4030 ad
649 3974 750 4031 limina
765 3975 843 4034 veni.
1106 3982 1160 4038 146

176 4065 258 4124 Gens
272 4066 388 4138 eadem,
405 4087 471 4143 quse
485 4076 525 4137 te,
542 4067 657 4125 crudeli
671 4067 792 4125 Daunia
807 4069 883 4126 bello

176 4157 346 4236 Insequitur
363 4180 369 4217 :
392 4180 446 4218 nos
460 4162 486 4218 si
501 4162 621 4237 pellant,
638 4161 709 4219 nihil
724 4162 826 4218 absone
840 4163 965 4222 credunt

177 4253 256 4320 Quin
271 4275 387 4312 omnem
398 4254 581 4332 Hesperiam
595 4254 711 4331 penitus
725 4275 780 4312 sua
794 4257 848 4312 sub
863 4257 939 4334 juga
951 4258 1079 4332 mittunt,

174 4346 213 4405 Et
228 4368 311 4406 mare
327 4349 404 4423 quod
419 4350 510 4424 supra
522 4357 654 4419 teneant,
671 4349 808 4425 quodque
824 4350 906 4408 alluit
921 4352 1006 4412 infrd.

175 4441 288 4519 Accipe
304 4443 401 4517 daque
417 4443 512 4501 tidem.
558 4445 631 4499 Sunt
646 4444 730 4500 nobis
744 4443 831 4500 sortia
844 4445 922 4501 bello
1051 4469 1054 4476 ·
1104 4450 1158 4507 150

174 4532 314 4606 Pectora,
330 4546 398 4594 sunt
412 4536 511 4607 anImi,
529 4547 557 4595 et
571 4538 662 4594 rebus
675 4545 811 4613 spectata
820 4537 970 4612 juventus.
