2692 5122
471 796 648 848 AENEIDOS
668 799 739 848 me.
754 800 783 847 V.

135 934 225 996 Hrud
240 935 299 992 alio
312 933 466 994 Teucrum
480 937 541 995 nati
555 939 683 1016 vestigia
695 958 786 997 cursu

135 1029 313 1107 Impediunt,
329 1036 492 1106 texuntque
507 1030 596 1108 fugas
611 1041 641 1088 et
655 1033 761 1109 proelia
775 1031 866 1101 ludo;

133 1123 315 1202 Delphinum
330 1122 452 1194 similes,
470 1125 520 1200 qui
535 1144 589 1202 per
603 1126 697 1184 maria
710 1126 831 1183 humida
843 1126 942 1185 nando

135 1215 331 1295 Carpathium
344 1215 552 1295 Libycumque
567 1228 682 1290 secant,
698 1220 861 1296 luduntque
875 1239 928 1296 per
942 1218 1046 1278 undas.
1063 1222 1122 1281 595

134 1311 225 1370 Hunc
239 1330 364 1382 morem,
380 1312 435 1370 hos
449 1333 566 1386 cursus,
583 1323 673 1389 atque
688 1313 753 1372 haec
768 1315 932 1372 certamina
946 1315 1057 1392 primus

133 1405 294 1476 Ascanius,
309 1405 449 1482 Longam
462 1398 660 1484 muris‘quum
674 1408 807 1485 cingeret
821 1409 939 1480 Albam,

133 1498 258 1570 Retulit,
276 1508 306 1556 et
320 1499 436 1577 priscos
449 1500 549 1557 docuit
563 1501 719 1558 celebrare
734 1501 870 1572 Latinos,

134 1590 202 1660 Quo
215 1611 291 1670 puer
305 1592 369 1669 ipse
383 1593 479 1664 modo,
496 1613 599 1652 aecum
615 1614 673 1670 quo
686 1594 781 1652 Troia
796 1597 899 1671 pubes.

133 1684 244 1744 Albani
258 1684 389 1745 docuere
404 1706 474 1744 suos
488 1706 496 1756 3
521 1687 589 1744 hinc
603 1688 731 1745 maxima
745 1688 833 1765 porrd
1065 1690 1124 1748 600

133 1777 263 1856 Accepit
276 1780 385 1851 Roma,
402 1790 432 1837 et
446 1781 573 1857 patrium
587 1783 715 1839 servavit
730 1783 873 1840 honorem
888 1801 896 1852 ;

74 1871 287 1949 ΑΤηῃέιᾳιιε
301 1893 391 1944 nunc,
409 1875 493 1950 pueri
507 1876 669 1950 Trojanum
683 1876 792 1933 dicitur
805 1895 923 1958 agmen.

133 1965 206 2025 Hac
219 1968 376 2025 celebrata
388 1977 476 2026 tenus
490 1976 595 2027 sancto
609 1970 774 2027 certamina
788 1969 875 2046 patri.

172 2063 238 2121 Hic
252 2064 377 2141 primum
391 2064 525 2122 Fortuna
539 2066 626 2123 fidem
641 2073 753 2122 mutata
767 2065 895 2123 novavit.

134 2155 214 2215 Dum
229 2158 320 2216 variis
333 2159 446 2216 tumulo
460 2159 593 2217 referunt
607 2159 753 2216 solemnia
766 2158 853 2230 ludis,
1065 2160 1122 2218 605

135 2249 205 2308 Irim
220 2250 258 2309 de
272 2251 351 2309 coelo
365 2252 442 2309 misit
458 2253 598 2310 Saturnia
610 2253 691 2310 Juno

136 2343 259 2402 Iliacam
274 2344 312 2402 ad
327 2346 465 2416 classem,
482 2353 645 2421 ventosque
660 2345 790 2422 adspirat
804 2345 897 2416 eunti,

136 2437 232 2497 Multa
246 2458 379 2510 movens,
396 2439 524 2496 necdum
538 2439 692 2514 antiquum
706 2447 840 2496 saturata
854 2438 996 2498 dolorem.

138 2529 203 2600 llla,
219 2533 298 2589 viam
312 2533 450 2590 celerans
465 2551 518 2608 per
532 2532 611 2589 mille
626 2531 777 2588 coloribus
791 2551 913 2602 arcum„

136 2624 218 2683 Nulli
233 2625 307 2697 visa,
324 2626 383 2683 cito
398 2626 529 2683 decurrit
544 2625 661 2683 tramite
677 2625 771 2703 virgo.
1066 2627 1125 2685 610

138 2717 291 2796 Conspicit
305 2721 457 2798 ingentem
471 2739 660 2789 concursum,
678 2727 707 2776 et
721 2719 821 2777 littora
834 2719 951 2792 lustrat,

137 2812 342 2890 Desertosque
357 2813 435 2871 videt
450 2821 552 2890 portus
567 2813 753 2889 classemque
768 2813 911 2872 relictam.

173 2906 215 2965 At
230 2908 334 2984 procul
348 2907 378 2964 in
392 2906 457 2965 soli
471 2915 596 2965 secretae
610 2907 747 2964 Troades
762 2905 833 2965 acti

137 2999 288 3059 Amissum
301 3001 453 3059 Anchisen
468 3001 589 3071 flebant,
606 3008 783 3076 cunctaeque
799 3000 976 3077 profundum

138 3092 263 3153 Pontum
278 3094 491 3171 adspectabant
509 3095 633 3152 flentes:
676 3094 769 3153 Heu!
790 3102 833 3152 tot
848 3095 925 3153 vada
939 3095 1027 3154 fessis
1066 3096 1123 3152 615

137 3186 174 3245 Et
187 3198 303 3246 tanturn
317 3208 474 3264 superesse
490 3189 598 3246 maris!
621 3208 677 3247 vox
692 3189 828 3246 omnibus
842 3208 910 3248 una.

137 3280 247 3340 Urbem
261 3292 347 3340 orant
362 3302 369 3351 3
393 3282 481 3340 toedet
496 3283 596 3360 pelagi
615 3282 748 3359 perferre
764 3282 906 3339 laborem.

137 3374 218 3453 Ergo
232 3376 310 3434 inter
324 3376 435 3433 medias
450 3395 529 3446 sese,
545 3375 625 3432 haud
640 3376 746 3452 ignara
760 3374 897 3444 nocendi,

102 3523 105 3540 ,
138 3467 278 3545 Conjicit,
295 3479 324 3527 et
339 3470 505 3545 faciemque
521 3468 585 3526 deoe
601 3476 773 3543 vestemque
788 3466 912 3541 reponit.

130 3559 184 3621 Fit
196 3564 307 3635 Beroe,
324 3563 437 3622 Tmarii
452 3562 562 3638 conjux
576 3563 713 3638 longaeva
726 3559 863 3635 Dorycli,
1067 3562 1126 3619 620

139 3654 196 3715 Cui
211 3677 317 3735 genus,
331 3666 361 3714 et
376 3655 523 3732 quondam
538 3674 655 3725 nomen,
672 3654 794 3729 natique
810 3653 933 3711 fuissent
947 3673 955 3724 ς

138 3750 182 3808 Ac
196 3751 241 3808 sic
255 3749 461 3808 Dardanidum
475 3749 602 3807 mediam
616 3767 649 3805 se
664 3748 807 3805 matribus
822 3747 909 3805 infert
925 3767 931 3804 :

139 3842 307 3915 omiserat,
325 3863 398 3921 quas
412 3864 469 3902 non
485 3863 601 3914 manus,
617 3842 722 3918 inquit,
738 3841 876 3899 Achaica
891 3842 969 3901 bello

138 3936 276 3997 Traxerit
292 3939 328 3996 ad
343 3940 433 3997 letum
448 3940 551 4017 patriae
566 3939 621 3996 sub
635 3937 804 3995 moenibusl
826 3956 844 3994 ο
857 3955 933 4013 gens
1038 3968 1043 3981 ·

138 4029 254 4104 Infelix,
271 4034 320 4091 cui
334 4041 363 4091 te
378 4035 468 4092 exitio
482 4035 617 4092 Fortuna
635 4034 789 4090 reservat!
1067 4032 1124 4088 605

140 4125 270 4203 Septima
284 4135 349 4204 post
362 4128 463 4203 Trojae
478 4127 625 4185 excidium
641 4127 705 4202 jam
719 4125 844 4182 vertitur
857 4133 956 4195 aestas,

140 4216 240 4285 Quum
254 4220 341 4291 freta,
359 4240 449 4297 quum
463 4229 560 4278 terras
573 4239 686 4290 omnes,
702 4227 744 4276 tot
760 4218 907 4295 inhospita
921 4237 1005 4289 saxa,

141 4312 304 4390 Sideraque
319 4333 447 4372 emensae
462 4314 585 4372 ferimur
598 4332 605 4383 ;
630 4312 699 4370 dum
714 4331 861 4389 perurere
876 4329 1018 4389 magnum

141 4403 254 4464 ltaliam
270 4407 423 4484 sequimur
437 4400 609 4485 fugientem,
626 4414 655 4464 et
670 4406 814 4464 volvimur
832 4404 926 4463 undis.

142 4496 202 4559 Hic
215 4501 327 4578 Erycis
342 4501 416 4559 fines
430 4501 565 4572 fraterni,
582 4509 672 4575 atque
686 4499 795 4577 hospes
809 4498 939 4556 Acestes
953 4517 959 4554 :
1066 4500 1125 4556 630

131 4590 220 4662 ,Quid
235 4593 373 4673 prohibet
386 4613 486 4653 muros
502 4594 619 4671 jacere,
636 4600 666 4650 et
679 4592 752 4650 dare
765 4591 881 4649 civibus
895 4592 1000 4649 urbem
1015 4589 1026 4646 Ρ

417 4690 452 4745 16
