2692 5122
81 23 1323 345 —

1045 410 1051 421 Ι

493 781 667 831 ultumos
685 782 755 831 ΗΒ.
768 783 833 831 ΧΗ.

174 917 312 997 Eripere,
328 918 497 996 auxilioque
511 920 600 992 viam,
616 941 682 997 que
697 921 840 999 proxima,
856 922 951 999 poscit
967 944 974 982 :

174 1011 256 1072 Ense
271 1021 375 1071 secent
387 1013 448 1071 lato
462 1014 579 1086 vulnus,
595 1015 705 1090 telique
719 1015 866 1074 latebram
934 1086 938 1094 ¹

174 1105 360 1167 Rescindant
375 1108 502 1184 penitius,
519 1127 646 1184 seseque
662 1109 692 1167 ia
706 1109 786 1168 bella
799 1110 958 1170 remittant.
1100 1111 1161 1170 ⁸90

175 1199 304 1275 Jamque
318 1200 422 1258 aderat
435 1200 551 1261 Phoebo
565 1211 634 1260 ante
649 1202 723 1260 alios
736 1203 863 1260 dilectus
877 1202 957 1281 Iapis
1142 1205 1145 1212 '

177 1291 293 1352 Iasides
306 1313 314 1363 ;
338 1293 402 1352 acri
416 1295 563 1371 quondam
577 1295 627 1354 oui
640 1308 746 1373 eaptus
759 1314 860 1354 amore

176 1385 246 1464 lpse
260 1407 332 1445 suas
346 1397 436 1458 artes,
453 1407 508 1446 ana
522 1408 656 1460 munera,
672 1389 759 1447 laetns
772 1389 879 1466 Apollo

176 1478 354 1557 Augurium,
371 1481 575 1557 citharamque
590 1481 691 1554 dabat,
705 1482 881 1559 celeresque
895 1481 1030 1560 sagittas.

177 1570 242 1643 lllo,
259 1581 291 1630 ut
304 1573 430 1650 depositi
444 1575 590 1651 proferret
605 1576 667 1633 sata
684 1575 826 1652 parentis,
1103 1575 1163 1634 890

178 1667 262 1725 Scire
278 1677 440 1744 potestates
455 1669 615 1728 herbarum
629 1689 773 1746 usumque
788 1667 926 1729 medendi
1023 1702 1028 1728 t

177 1759 295 1832 Maluit,
312 1771 341 1819 et
357 1771 453 1819 mutas
467 1763 583 1839 agitare
598 1763 741 1840 inglorius
755 1773 845 1822 artem

178 1855 293 1926 Stabat,
310 1857 422 1913 acerba
436 1856 575 1926 fremens,
592 1856 742 1934 ingentem
757 1858 843 1915 nixus
857 1857 887 1915 in
901 1856 1027 1929 hastam,

179 1945 305 2020 AEneas,
320 1967 429 2026 magno
438 1949 582 2024 juvenum
596 1959 625 2008 et
640 1951 793 2009 intercutis
807 1950 864 2009 luli

178 2039 349 2112 Concursu,
365 2041 503 2118 lacrymis
517 2043 682 2102 immobilis.
726 2043 780 2102 llle
793 2052 907 2102 retorto
1104 2041 1164 2101 400

178 2133 333 2193 Paeonium
347 2134 377 2191 in
390 2154 502 2192 morem
515 2136 616 2194 senior
629 2136 801 2195 succinctus
815 2137 937 2207 amictu,

177 2228 276 2289 Multa
289 2249 379 2289 manu
393 2229 511 2288 medici
523 2231 691 2307 Phoebique
705 2232 873 2308 potentibus
887 2229 988 2289 herbis

179 2323 390 2400 Nequidquam
403 2324 541 2400 trepidat,
558 2325 758 2400 nequidquam
772 2324 888 2401 spicula
901 2321 1008 2381 dextri

180 2417 335 2489 Sollicitat,
352 2426 533 2494 prensatque
547 2417 647 2474 tenaci
661 2417 773 2499 forcipe
789 2417 909 2475 serrum.

178 2510 271 2573 Nulla
285 2511 362 2568 viam
377 2510 511 2567 Fortuna
524 2510 612 2586 regit,
628 2509 699 2567 nihil
715 2518 820 2567 auctor
834 2509 943 2585 Apollo
1108 2506 1167 2566 400

180 2606 323 2665 Subvenit
337 2624 344 2662 τ
368 2614 397 2662 et
412 2624 510 2663 saevus
524 2605 636 2681 campis
650 2603 747 2683 magis
761 2623 798 2663 ac
813 2603 909 2683 magis
923 2604 1027 2662 horror

180 2699 365 2770 Crebrescit,
383 2699 561 2775 propiusque
576 2699 685 2756 malum
700 2707 756 2757 est.
797 2699 866 2758 Jam
881 2698 1003 2775 pulvere
1018 2697 1129 2757 coslum

181 2795 267 2852 Stare
281 2793 381 2850 vident
396 2812 403 2861 ;
427 2794 555 2850 subeunt
570 2794 696 2869 equites,
711 2802 740 2851 et
755 2793 872 2869 apicula
885 2791 993 2850 caetris

180 2885 286 2944 Densa
300 2885 409 2943 cadunt
423 2886 536 2943 mediis.
579 2885 606 2944 It
619 2887 711 2944 tristis
726 2885 762 2943 ad
777 2886 891 2944 aethera
905 2886 1019 2944 clamor

179 2978 350 3039 Bellantrim
359 2979 512 3054 juvenum,
529 2989 558 3037 et
572 2979 647 3037 duro
661 2982 716 3038 sub
730 2979 827 3037 Marte
841 2975 1009 3038 cadentium.
1109 2976 1170 3036 410

167 3072 243 3132 Hic
257 3073 374 3144 Venus,
391 3074 511 3151 indigno
525 3075 585 3132 nati
599 3094 748 3133 concussa
762 3074 874 3144 dolore,

180 3167 372 3227 Dietamnum
386 3168 522 3245 genetrix
537 3168 660 3228 Cretaei
674 3169 768 3247 carpit
783 3170 820 3226 ab
839 3167 903 3240 ldd,

181 3261 350 3319 Puberibus
364 3261 480 3319 caulem
495 3261 571 3319 soliis
586 3271 615 3318 et
629 3262 701 3320 flore
716 3268 883 3320 comantem

182 3353 337 3432 Purpureo
353 3373 360 3409 ι
382 3374 441 3411 non
456 3354 506 3411 illa
521 3354 592 3411 seris
608 3354 761 3431 incognita
774 3354 873 3430 capris

182 3447 336 3517 Gramina,
354 3467 445 3523 quum
458 3456 545 3523 tergo
560 3448 698 3505 volucres
711 3444 827 3505 haesere
841 3445 969 3523 sagittae.
1111 3444 1170 3502 415

182 3541 252 3600 Hoc
266 3541 382 3611 Venus,
400 3542 528 3598 obscuro
543 3541 650 3598 faciem
665 3539 849 3597 circumdata
864 3537 974 3609 nimbo,

183 3634 298 3693 Detulit
312 3654 318 3691 :
341 3635 398 3692 hoc
413 3634 511 3691 fusum
525 3633 617 3691 labris
629 3632 853 3710 splendentibus
867 3648 983 3688 amnem

185 3727 292 3798 lestolt,
308 3727 426 3786 occulte
441 3727 594 3784 medicans
608 3746 616 3795 3
640 3726 811 3803 spargitque
826 3723 956 3782 salubr'n

185 3821 350 3881 Ambrosias
365 3840 484 3891 succos,
502 3829 530 3877 et
545 3819 720 3878 odoriferam
736 3836 908 3895 panaceam.

183 3913 269 3974 Fovit
285 3913 323 3972 ed
337 3914 442 3972 vulnus
456 3912 578 3991 lymphis
591 3914 745 3990 longaevus
761 3911 853 3988 lapis,
1111 3910 1172 3968 400

184 4008 330 4087 Ignorans
345 4028 352 4077 ;
377 4007 534 4083 subitdque
549 4007 644 4064 omnis
657 4007 695 4063 de
709 4024 835 4082 corpore
851 4003 925 4082 sugit

185 4102 302 4179 Quippe
317 4101 421 4169 dolor;
445 4102 540 4159 omnis
555 4101 635 4158 stetit
650 4100 708 4157 imo
722 4100 845 4157 vnlnere
860 4096 1003 4175 sanguia:

183 4196 312 4271 Jamque
327 4203 432 4252 secuta
446 4213 573 4264 manum,
591 4194 672 4251 nullo
686 4205 824 4271 cogente,
841 4192 952 4269 sagitta

183 4288 312 4360 Excidit,
330 4296 419 4364 atque
434 4308 518 4346 novae
532 4285 648 4346 redidre
663 4287 693 4344 in
708 4286 832 4363 pristina
846 4285 934 4342 vires.

184 4384 276 4443 Arma
290 4383 340 4440 citi
355 4391 512 4458 properate
528 4382 590 4438 viro
605 4384 612 4438 l
635 4380 704 4455 quid
718 4381 802 4437 statis
820 4378 830 4434 i
871 4377 952 4455 Iapis
1111 4376 1171 4435 42³

186 4473 372 4545 Conclamat,
390 4475 558 4550 primusque
573 4473 687 4531 animos
701 4472 837 4530 accendit
852 4472 882 4529 in
896 4471 1019 4530 hostem.

186 4567 252 4626 Non
268 4569 332 4626 hoec
346 4568 483 4626 humanis
499 4569 615 4646 opibus,
631 4586 689 4625 non
703 4574 766 4624 arte
781 4562 935 4642 magistri,
