<?xml version="1.0" encoding="UTF-8"?>
<!DOCTYPE html PUBLIC "-//W3C//DTD XHTML 1.0 Transitional//EN"
    "http://www.w3.org/TR/xhtml1/DTD/xhtml1-transitional.dtd">
<html xmlns="http://www.w3.org/1999/xhtml" xml:lang="en" lang="en">
 <head>
  <title>
</title>
<meta http-equiv="Content-Type" content="text/html;charset=utf-8" />
  <meta name='ocr-system' content='tesseract 3.04.00' />
  <meta name='ocr-capabilities' content='ocr_page ocr_carea ocr_par ocr_line ocrx_word'/>
</head>
<body>
  <div class='ocr_page' id='page_1' title='image "./pvirgiliimaroni00bowegoog/pvirgiliimaroni00bowegoog_0200.png"; bbox 0 0 2692 5122; ppageno 0'>
   <div class='ocr_carea' id='block_1_1' title="bbox 500 772 824 822">
    <p class='ocr_par' dir='ltr' id='par_1_1' title="bbox 500 772 824 822">
     <span class='ocr_line' id='line_1_1' title="bbox 500 772 824 822; baseline 0.006 -2"><span class='ocrx_word' id='word_1_1' title='bbox 500 772 674 822; x_wconf 74' lang='lat' dir='ltr'>AEttsluos</span> <span class='ocrx_word' id='word_1_2' title='bbox 694 775 763 822; x_wconf 76' lang='lat' dir='ltr'>ute</span> <span class='ocrx_word' id='word_1_3' title='bbox 778 774 824 821; x_wconf 83' lang='lat' dir='ltr'>VI.</span> 
     </span>
    </p>
   </div>
   <div class='ocr_carea' id='block_1_2' title="bbox 174 910 1186 4629">
    <p class='ocr_par' dir='ltr' id='par_1_2' title="bbox 174 910 859 991">
     <span class='ocr_line' id='line_1_2' title="bbox 174 910 859 991; baseline 0.003 -22"><span class='ocrx_word' id='word_1_4' title='bbox 174 910 225 969; x_wconf 90' lang='lat' dir='ltr'>Bis</span> <span class='ocrx_word' id='word_1_5' title='bbox 239 917 367 968; x_wconf 81' lang='lat' dir='ltr'>conatus</span> <span class='ocrx_word' id='word_1_6' title='bbox 381 917 445 969; x_wconf 77' lang='lat' dir='ltr'>eret</span> <span class='ocrx_word' id='word_1_7' title='bbox 458 929 546 970; x_wconf 82' lang='lat' dir='ltr'>cesus</span> <span class='ocrx_word' id='word_1_8' title='bbox 560 912 704 991; x_wconf 84' lang='lat' dir='ltr'>effingere</span> <span class='ocrx_word' id='word_1_9' title='bbox 719 913 748 971; x_wconf 93' lang='lat' dir='ltr'>in</span> <span class='ocrx_word' id='word_1_10' title='bbox 764 933 836 972; x_wconf 82' lang='lat' dir='ltr'>suro</span> <span class='ocrx_word' id='word_1_11' title='bbox 851 933 859 983; x_wconf 93' lang='lat'>;</span> 
     </span>
    </p>

    <p class='ocr_par' dir='ltr' id='par_1_3' title="bbox 174 1003 1015 1177">
     <span class='ocr_line' id='line_1_3' title="bbox 174 1003 1015 1084; baseline 0.001 -20"><span class='ocrx_word' id='word_1_12' title='bbox 174 1005 225 1064; x_wconf 91' lang='lat' dir='ltr'>Bis</span> <span class='ocrx_word' id='word_1_13' title='bbox 239 1005 343 1081; x_wconf 84' lang='lat' dir='ltr'>pntriae</span> <span class='ocrx_word' id='word_1_14' title='bbox 358 1003 495 1064; x_wconf 71' lang='lat' dir='ltr'>cecidere</span> <span class='ocrx_word' id='word_1_15' title='bbox 509 1025 623 1064; x_wconf 81' lang='lat' dir='ltr'>munus.</span> <span class='ocrx_word' id='word_1_16' title='bbox 665 1007 746 1073; x_wconf 79' lang='lat' dir='ltr'>Quin</span> <span class='ocrx_word' id='word_1_17' title='bbox 761 1017 901 1084; x_wconf 87' lang='lat' dir='ltr'>protenus</span> <span class='ocrx_word' id='word_1_18' title='bbox 915 1005 1015 1065; x_wconf 77' lang='lat' dir='ltr'>omnia</span> 
     </span>
     <span class='ocr_line' id='line_1_4' title="bbox 174 1097 945 1177; baseline 0 -20"><span class='ocrx_word' id='word_1_19' title='bbox 174 1097 370 1175; x_wconf 81' lang='lat' dir='ltr'>Perlegerent</span> <span class='ocrx_word' id='word_1_20' title='bbox 384 1099 489 1169; x_wconf 86' lang='lat' dir='ltr'>oculis,</span> <span class='ocrx_word' id='word_1_21' title='bbox 505 1100 536 1157; x_wconf 93' lang='lat' dir='ltr'>ni</span> <span class='ocrx_word' id='word_1_22' title='bbox 552 1100 615 1176; x_wconf 86' lang='lat' dir='ltr'>jsm</span> <span class='ocrx_word' id='word_1_23' title='bbox 629 1102 798 1177; x_wconf 68' lang='lat' dir='ltr'>premissus</span> <span class='ocrx_word' id='word_1_24' title='bbox 811 1101 945 1158; x_wconf 87' lang='lat' dir='ltr'>Acbetes</span> 
     </span>
    </p>

    <p class='ocr_par' dir='ltr' id='par_1_4' title="bbox 174 1190 1160 1366">
     <span class='ocr_line' id='line_1_5' title="bbox 174 1190 1160 1269; baseline 0.001 -20"><span class='ocrx_word' id='word_1_25' title='bbox 174 1192 298 1261; x_wconf 74' lang='lat' dir='ltr'>Adoret,</span> <span class='ocrx_word' id='word_1_26' title='bbox 316 1201 406 1266; x_wconf 84' lang='lat' dir='ltr'>etque</span> <span class='ocrx_word' id='word_1_27' title='bbox 420 1190 481 1250; x_wconf 74' lang='lat' dir='ltr'>und</span> <span class='ocrx_word' id='word_1_28' title='bbox 493 1193 602 1252; x_wconf 85' lang='lat' dir='ltr'>Phoebi</span> <span class='ocrx_word' id='word_1_29' title='bbox 614 1194 786 1269; x_wconf 81' lang='lat' dir='ltr'>Tririaeque</span> <span class='ocrx_word' id='word_1_30' title='bbox 800 1194 953 1265; x_wconf 79' lang='lat' dir='ltr'>sacerdos,</span> <span class='ocrx_word' id='word_1_31' title='bbox 1121 1193 1160 1250; x_wconf 76' lang='lat'>35</span> 
     </span>
     <span class='ocr_line' id='line_1_6' title="bbox 175 1283 830 1366; baseline 0.003 -25"><span class='ocrx_word' id='word_1_32' title='bbox 175 1283 332 1361; x_wconf 74' lang='lat' dir='ltr'>Deiphobe</span> <span class='ocrx_word' id='word_1_33' title='bbox 347 1285 468 1356; x_wconf 82' lang='lat' dir='ltr'><strong>Glauci,</strong></span> <span class='ocrx_word' id='word_1_34' title='bbox 485 1286 564 1359; x_wconf 76' lang='lat' dir='ltr'>satur</span> <span class='ocrx_word' id='word_1_35' title='bbox 578 1307 644 1362; x_wconf 80' lang='lat' dir='ltr'>qum</span> <span class='ocrx_word' id='word_1_36' title='bbox 658 1289 731 1345; x_wconf 82' lang='lat' dir='ltr'>telin</span> <span class='ocrx_word' id='word_1_37' title='bbox 745 1289 830 1366; x_wconf 87' lang='lat' dir='ltr'>regi:</span> 
     </span>
    </p>

    <p class='ocr_par' dir='ltr' id='par_1_5' title="bbox 175 1377 898 1458">
     <span class='ocr_line' id='line_1_7' title="bbox 175 1377 898 1458; baseline 0.006 -23"><span class='ocrx_word' id='word_1_38' title='bbox 175 1377 242 1436; x_wconf 91' lang='lat' dir='ltr'>Non</span> <span class='ocrx_word' id='word_1_39' title='bbox 256 1378 314 1436; x_wconf 92' lang='lat' dir='ltr'>hoc</span> <span class='ocrx_word' id='word_1_40' title='bbox 327 1379 385 1436; x_wconf 82' lang='lat' dir='ltr'>iste</span> <span class='ocrx_word' id='word_1_41' title='bbox 398 1380 455 1437; x_wconf 90' lang='lat' dir='ltr'>sibi</span> <span class='ocrx_word' id='word_1_42' title='bbox 469 1390 585 1456; x_wconf 91' lang='lat' dir='ltr'>tempus</span> <span class='ocrx_word' id='word_1_43' title='bbox 599 1383 772 1457; x_wconf 77' lang='lat' dir='ltr'>spectacula</span> <span class='ocrx_word' id='word_1_44' title='bbox 787 1382 898 1458; x_wconf 91' lang='lat' dir='ltr'>poscit:</span> 
     </span>
    </p>

    <p class='ocr_par' dir='ltr' id='par_1_6' title="bbox 175 1468 988 1634">
     <span class='ocr_line' id='line_1_8' title="bbox 175 1468 988 1551; baseline 0.004 -22"><span class='ocrx_word' id='word_1_45' title='bbox 175 1468 263 1530; x_wconf 84' lang='lat' dir='ltr'>Nunc</span> <span class='ocrx_word' id='word_1_46' title='bbox 278 1491 373 1549; x_wconf 82' lang='lat' dir='ltr'>grege</span> <span class='ocrx_word' id='word_1_47' title='bbox 389 1472 425 1529; x_wconf 92' lang='lat' dir='ltr'>de</span> <span class='ocrx_word' id='word_1_48' title='bbox 440 1473 551 1530; x_wconf 83' lang='lat' dir='ltr'>intecto</span> <span class='ocrx_word' id='word_1_49' title='bbox 566 1482 679 1550; x_wconf 83' lang='lat' dir='ltr'>septem</span> <span class='ocrx_word' id='word_1_50' title='bbox 693 1485 825 1533; x_wconf 80' lang='lat' dir='ltr'>mactare</span> <span class='ocrx_word' id='word_1_51' title='bbox 842 1475 988 1551; x_wconf 84' lang='lat' dir='ltr'>juvencos</span> 
     </span>
     <span class='ocr_line' id='line_1_9' title="bbox 175 1560 916 1634; baseline 0.003 -11"><span class='ocrx_word' id='word_1_52' title='bbox 175 1560 362 1634; x_wconf 79' lang='lat' dir='ltr'>Praestiterit‚</span> <span class='ocrx_word' id='word_1_53' title='bbox 380 1565 501 1623; x_wconf 86' lang='lat' dir='ltr'>totidem</span> <span class='ocrx_word' id='word_1_54' title='bbox 515 1566 609 1624; x_wconf 84' lang='lat' dir='ltr'>lectas</span> <span class='ocrx_word' id='word_1_55' title='bbox 624 1567 660 1624; x_wconf 93' lang='lat' dir='ltr'>de</span> <span class='ocrx_word' id='word_1_56' title='bbox 675 1587 757 1625; x_wconf 91' lang='lat' dir='ltr'>more</span> <span class='ocrx_word' id='word_1_57' title='bbox 772 1568 916 1626; x_wconf 75' lang='lat' dir='ltr'>bidentes.</span> 
     </span>
    </p>

    <p class='ocr_par' dir='ltr' id='par_1_7' title="bbox 175 1657 1186 1921">
     <span class='ocr_line' id='line_1_10' title="bbox 211 1657 1162 1734; baseline 0.002 -19"><span class='ocrx_word' id='word_1_58' title='bbox 211 1657 338 1716; x_wconf 80' lang='lat' dir='ltr'>Talibus</span> <span class='ocrx_word' id='word_1_59' title='bbox 353 1658 444 1715; x_wconf 80' lang='lat' dir='ltr'>effata</span> <span class='ocrx_word' id='word_1_60' title='bbox 458 1659 582 1716; x_wconf 83' lang='lat' dir='ltr'>AEnenu</span> <span class='ocrx_word' id='word_1_61' title='bbox 599 1659 668 1734; x_wconf 91' lang='lat' dir='ltr'>(nec</span> <span class='ocrx_word' id='word_1_62' title='bbox 683 1680 771 1717; x_wconf 82' lang='lat' dir='ltr'>sacra</span> <span class='ocrx_word' id='word_1_63' title='bbox 784 1669 936 1717; x_wconf 85' lang='lat' dir='ltr'>morantur</span> <span class='ocrx_word' id='word_1_64' title='bbox 1122 1659 1162 1716; x_wconf 78' lang='lat'>40</span> 
     </span>
     <span class='ocr_line' id='line_1_11' title="bbox 175 1749 1186 1829; baseline 0.001 -20"><span class='ocrx_word' id='word_1_65' title='bbox 175 1749 267 1809; x_wconf 82' lang='lat' dir='ltr'>Jussa</span> <span class='ocrx_word' id='word_1_66' title='bbox 281 1751 351 1828; x_wconf 83' lang='lat' dir='ltr'>viri)</span> <span class='ocrx_word' id='word_1_67' title='bbox 366 1750 504 1808; x_wconf 90' lang='lat' dir='ltr'>Teucros</span> <span class='ocrx_word' id='word_1_68' title='bbox 519 1759 605 1809; x_wconf 84' lang='lat' dir='ltr'>vocat</span> <span class='ocrx_word' id='word_1_69' title='bbox 620 1753 680 1808; x_wconf 82' lang='lat' dir='ltr'>alta</span> <span class='ocrx_word' id='word_1_70' title='bbox 696 1753 724 1809; x_wconf 93' lang='lat' dir='ltr'>in</span> <span class='ocrx_word' id='word_1_71' title='bbox 739 1754 847 1829; x_wconf 82' lang='lat' dir='ltr'>templa</span> <span class='ocrx_word' id='word_1_72' title='bbox 861 1752 1012 1811; x_wconf 82' lang='lat' dir='ltr'>sacerdos.</span> <span class='ocrx_word' id='word_1_73' title='bbox 1086 1792 1089 1798; x_wconf 93' lang='lat'><em>-</em></span> <span class='ocrx_word' id='word_1_74' title='bbox 1182 1804 1186 1816; x_wconf 73' lang='grc'><strong>,</strong></span> 
     </span>
     <span class='ocr_line' id='line_1_12' title="bbox 175 1841 971 1921; baseline 0.003 -21"><span class='ocrx_word' id='word_1_75' title='bbox 175 1841 318 1901; x_wconf 78' lang='lat' dir='ltr'>Excisum</span> <span class='ocrx_word' id='word_1_76' title='bbox 332 1844 478 1902; x_wconf 82' lang='lat' dir='ltr'>Euboicae</span> <span class='ocrx_word' id='word_1_77' title='bbox 493 1844 571 1902; x_wconf 85' lang='lat' dir='ltr'>istus</span> <span class='ocrx_word' id='word_1_78' title='bbox 584 1845 690 1921; x_wconf 85' lang='lat' dir='ltr'>ingens</span> <span class='ocrx_word' id='word_1_79' title='bbox 703 1845 785 1921; x_wconf 90' lang='lat' dir='ltr'>rupis</span> <span class='ocrx_word' id='word_1_80' title='bbox 799 1845 829 1902; x_wconf 93' lang='lat' dir='ltr'>in</span> <span class='ocrx_word' id='word_1_81' title='bbox 844 1857 971 1917; x_wconf 85' lang='lat' dir='ltr'>antrum,</span> 
     </span>
    </p>

    <p class='ocr_par' dir='ltr' id='par_1_8' title="bbox 177 1936 941 2010">
     <span class='ocr_line' id='line_1_13' title="bbox 177 1936 941 2010; baseline 0.004 -16"><span class='ocrx_word' id='word_1_82' title='bbox 177 1936 244 2002; x_wconf 80' lang='lat' dir='ltr'>Qud</span> <span class='ocrx_word' id='word_1_83' title='bbox 259 1937 313 1995; x_wconf 81' lang='lat' dir='ltr'>leti</span> <span class='ocrx_word' id='word_1_84' title='bbox 327 1937 438 1995; x_wconf 89' lang='lat' dir='ltr'>ducunt</span> <span class='ocrx_word' id='word_1_85' title='bbox 452 1938 548 1996; x_wconf 86' lang='lat' dir='ltr'>aditus</span> <span class='ocrx_word' id='word_1_86' title='bbox 563 1948 692 2010; x_wconf 89' lang='lat' dir='ltr'>centum,</span> <span class='ocrx_word' id='word_1_87' title='bbox 709 1941 785 1997; x_wconf 83' lang='lat' dir='ltr'>ostia</span> <span class='ocrx_word' id='word_1_88' title='bbox 800 1949 919 1998; x_wconf 91' lang='lat' dir='ltr'>centum</span> <span class='ocrx_word' id='word_1_89' title='bbox 932 1957 941 2008; x_wconf 72' lang='grc' dir='ltr'><strong><em>ς</em></strong></span> 
     </span>
    </p>

    <p class='ocr_par' dir='ltr' id='par_1_9' title="bbox 176 2028 921 2109">
     <span class='ocr_line' id='line_1_14' title="bbox 176 2028 921 2109; baseline 0.007 -23"><span class='ocrx_word' id='word_1_90' title='bbox 176 2028 260 2087; x_wconf 83' lang='lat' dir='ltr'>Unde</span> <span class='ocrx_word' id='word_1_91' title='bbox 275 2039 365 2087; x_wconf 85' lang='lat' dir='ltr'>ruunt</span> <span class='ocrx_word' id='word_1_92' title='bbox 379 2030 500 2087; x_wconf 93' lang='lat' dir='ltr'>totidem</span> <span class='ocrx_word' id='word_1_93' title='bbox 514 2051 615 2102; x_wconf 82' lang='lat' dir='ltr'>voces,</span> <span class='ocrx_word' id='word_1_94' title='bbox 631 2051 775 2108; x_wconf 79' lang='lat' dir='ltr'>responsa</span> <span class='ocrx_word' id='word_1_95' title='bbox 791 2033 921 2109; x_wconf 86' lang='lat' dir='ltr'>Sibyllae.</span> 
     </span>
    </p>

    <p class='ocr_par' dir='ltr' id='par_1_10' title="bbox 174 2121 1161 2292">
     <span class='ocr_line' id='line_1_15' title="bbox 174 2121 1161 2203; baseline 0.005 -23"><span class='ocrx_word' id='word_1_96' title='bbox 174 2121 305 2181; x_wconf 79' lang='lat' dir='ltr'>Ventum</span> <span class='ocrx_word' id='word_1_97' title='bbox 320 2132 384 2180; x_wconf 82' lang='lat' dir='ltr'>eret</span> <span class='ocrx_word' id='word_1_98' title='bbox 399 2123 436 2180; x_wconf 84' lang='lat' dir='ltr'>ed</span> <span class='ocrx_word' id='word_1_99' title='bbox 450 2124 550 2196; x_wconf 87' lang='lat' dir='ltr'>limen,</span> <span class='ocrx_word' id='word_1_100' title='bbox 568 2144 657 2200; x_wconf 93' lang='lat' dir='ltr'>quum</span> <span class='ocrx_word' id='word_1_101' title='bbox 671 2126 766 2203; x_wconf 84' lang='lat' dir='ltr'>virgo,</span> <span class='ocrx_word' id='word_1_102' title='bbox 783 2126 914 2184; x_wconf 83' lang='lat' dir='ltr'>Poscere</span> <span class='ocrx_word' id='word_1_103' title='bbox 930 2126 991 2184; x_wconf 79' lang='lat' dir='ltr'>sats</span> <span class='ocrx_word' id='word_1_104' title='bbox 1121 2128 1161 2184; x_wconf 78' lang='lat'>45</span> 
     </span>
     <span class='ocr_line' id='line_1_16' title="bbox 176 2214 980 2292; baseline 0.004 -19"><span class='ocrx_word' id='word_1_105' title='bbox 176 2214 317 2292; x_wconf 84' lang='lat' dir='ltr'>Tempus,</span> <span class='ocrx_word' id='word_1_106' title='bbox 334 2217 395 2273; x_wconf 82' lang='lat' dir='ltr'>sit:</span> <span class='ocrx_word' id='word_1_107' title='bbox 419 2216 503 2287; x_wconf 90' lang='lat' dir='ltr'>deus,</span> <span class='ocrx_word' id='word_1_108' title='bbox 520 2237 603 2288; x_wconf 89' lang='lat' dir='ltr'>ecce,</span> <span class='ocrx_word' id='word_1_109' title='bbox 621 2217 703 2276; x_wconf 90' lang='lat' dir='ltr'>deus.</span> <span class='ocrx_word' id='word_1_110' title='bbox 729 2217 808 2281; x_wconf 80' lang='lat' dir='ltr'>,Cui</span> <span class='ocrx_word' id='word_1_111' title='bbox 821 2219 893 2276; x_wconf 82' lang='lat' dir='ltr'>telis</span> <span class='ocrx_word' id='word_1_112' title='bbox 907 2218 980 2276; x_wconf 84' lang='lat' dir='ltr'>senti</span> 
     </span>
    </p>

    <p class='ocr_par' dir='ltr' id='par_1_11' title="bbox 176 2309 943 2383">
     <span class='ocr_line' id='line_1_17' title="bbox 176 2309 943 2383; baseline 0.004 -17"><span class='ocrx_word' id='word_1_113' title='bbox 176 2309 253 2367; x_wconf 84' lang='lat' dir='ltr'>Ante</span> <span class='ocrx_word' id='word_1_114' title='bbox 268 2309 358 2380; x_wconf 84' lang='lat' dir='ltr'>sores,</span> <span class='ocrx_word' id='word_1_115' title='bbox 376 2310 473 2368; x_wconf 88' lang='lat' dir='ltr'>subitd</span> <span class='ocrx_word' id='word_1_116' title='bbox 488 2329 546 2369; x_wconf 93' lang='lat' dir='ltr'>nou</span> <span class='ocrx_word' id='word_1_117' title='bbox 561 2312 670 2382; x_wconf 87' lang='lat' dir='ltr'>vultus,</span> <span class='ocrx_word' id='word_1_118' title='bbox 686 2331 744 2369; x_wconf 93' lang='lat' dir='ltr'>non</span> <span class='ocrx_word' id='word_1_119' title='bbox 759 2313 842 2369; x_wconf 89' lang='lat' dir='ltr'>color</span> <span class='ocrx_word' id='word_1_120' title='bbox 857 2332 943 2383; x_wconf 89' lang='lat' dir='ltr'>unus,</span> 
     </span>
    </p>

    <p class='ocr_par' dir='ltr' id='par_1_12' title="bbox 176 2400 1024 2480">
     <span class='ocr_line' id='line_1_18' title="bbox 176 2400 1024 2480; baseline 0.005 -20"><span class='ocrx_word' id='word_1_121' title='bbox 176 2401 243 2461; x_wconf 86' lang='lat' dir='ltr'>Non</span> <span class='ocrx_word' id='word_1_122' title='bbox 258 2412 383 2480; x_wconf 83' lang='lat' dir='ltr'>comptae</span> <span class='ocrx_word' id='word_1_123' title='bbox 397 2400 536 2463; x_wconf 67' lang='lat' dir='ltr'>mansere</span> <span class='ocrx_word' id='word_1_124' title='bbox 551 2423 644 2461; x_wconf 77' lang='lat' dir='ltr'>comm</span> <span class='ocrx_word' id='word_1_125' title='bbox 660 2423 668 2472; x_wconf 91' lang='lat'>;</span> <span class='ocrx_word' id='word_1_126' title='bbox 693 2404 745 2460; x_wconf 89' lang='lat' dir='ltr'>sed</span> <span class='ocrx_word' id='word_1_127' title='bbox 762 2414 865 2480; x_wconf 90' lang='lat' dir='ltr'>pectus</span> <span class='ocrx_word' id='word_1_128' title='bbox 885 2405 1024 2464; x_wconf 83' lang='lat' dir='ltr'>anhelum</span> 
     </span>
    </p>

    <p class='ocr_par' dir='ltr' id='par_1_13' title="bbox 176 2493 926 2572">
     <span class='ocr_line' id='line_1_19' title="bbox 176 2493 926 2572; baseline 0.003 -19"><span class='ocrx_word' id='word_1_129' title='bbox 176 2493 216 2553; x_wconf 85' lang='lat' dir='ltr'>Et</span> <span class='ocrx_word' id='word_1_130' title='bbox 229 2496 313 2553; x_wconf 84' lang='lat' dir='ltr'>rebie</span> <span class='ocrx_word' id='word_1_131' title='bbox 328 2496 393 2554; x_wconf 82' lang='lat' dir='ltr'>sere</span> <span class='ocrx_word' id='word_1_132' title='bbox 407 2497 499 2553; x_wconf 83' lang='lat' dir='ltr'>corde</span> <span class='ocrx_word' id='word_1_133' title='bbox 512 2496 637 2566; x_wconf 88' lang='lat' dir='ltr'>tument,</span> <span class='ocrx_word' id='word_1_134' title='bbox 654 2497 807 2572; x_wconf 86' lang='lat' dir='ltr'>majorque</span> <span class='ocrx_word' id='word_1_135' title='bbox 822 2497 926 2568; x_wconf 89' lang='lat' dir='ltr'>videri,</span> 
     </span>
    </p>

    <p class='ocr_par' dir='ltr' id='par_1_14' title="bbox 176 2587 1165 2761">
     <span class='ocr_line' id='line_1_20' title="bbox 176 2587 1165 2667; baseline 0.002 -19"><span class='ocrx_word' id='word_1_136' title='bbox 176 2587 242 2649; x_wconf 86' lang='lat' dir='ltr'>Nec</span> <span class='ocrx_word' id='word_1_137' title='bbox 257 2591 382 2647; x_wconf 85' lang='lat' dir='ltr'>mortale</span> <span class='ocrx_word' id='word_1_138' title='bbox 397 2609 508 2647; x_wconf 82' lang='lat' dir='ltr'>sonans</span> <span class='ocrx_word' id='word_1_139' title='bbox 523 2609 530 2658; x_wconf 91' lang='grc'><strong>;</strong></span> <span class='ocrx_word' id='word_1_140' title='bbox 557 2589 656 2646; x_wconf 79' lang='lat' dir='ltr'>afflata</span> <span class='ocrx_word' id='word_1_141' title='bbox 675 2599 719 2647; x_wconf 89' lang='lat' dir='ltr'>est</span> <span class='ocrx_word' id='word_1_142' title='bbox 734 2591 853 2648; x_wconf 92' lang='lat' dir='ltr'>numine</span> <span class='ocrx_word' id='word_1_143' title='bbox 869 2591 987 2667; x_wconf 82' lang='lat' dir='ltr'>quando</span> <span class='ocrx_word' id='word_1_144' title='bbox 1124 2593 1165 2650; x_wconf 81' lang='lat'>50</span> 
     </span>
     <span class='ocr_line' id='line_1_21' title="bbox 177 2681 1042 2761; baseline 0.002 -20"><span class='ocrx_word' id='word_1_145' title='bbox 177 2681 244 2741; x_wconf 83' lang='lat' dir='ltr'>Jsm</span> <span class='ocrx_word' id='word_1_146' title='bbox 259 2684 396 2760; x_wconf 90' lang='lat' dir='ltr'>propiore</span> <span class='ocrx_word' id='word_1_147' title='bbox 412 2684 468 2742; x_wconf 91' lang='lat' dir='ltr'>dei.</span> <span class='ocrx_word' id='word_1_148' title='bbox 511 2683 626 2742; x_wconf 88' lang='lat' dir='ltr'>Cessas</span> <span class='ocrx_word' id='word_1_149' title='bbox 640 2685 670 2741; x_wconf 91' lang='lat' dir='ltr'>in</span> <span class='ocrx_word' id='word_1_150' title='bbox 685 2694 944 2761; x_wconf 77' lang='lat' dir='ltr'>votaprecesque‚</span> <span class='ocrx_word' id='word_1_151' title='bbox 1037 2723 1042 2734; x_wconf 58' lang='grc' dir='ltr'><strong><em>ι</em></strong></span> 
     </span>
    </p>

    <p class='ocr_par' dir='ltr' id='par_1_15' title="bbox 177 2775 1097 2949">
     <span class='ocr_line' id='line_1_22' title="bbox 178 2775 1097 2853; baseline 0.007 -21"><span class='ocrx_word' id='word_1_152' title='bbox 178 2775 264 2847; x_wconf 85' lang='lat' dir='ltr'>Tros,</span> <span class='ocrx_word' id='word_1_153' title='bbox 282 2777 333 2847; x_wconf 79' lang='lat' dir='ltr'>nit,</span> <span class='ocrx_word' id='word_1_154' title='bbox 349 2777 477 2834; x_wconf 85' lang='lat' dir='ltr'>AEnea?</span> <span class='ocrx_word' id='word_1_155' title='bbox 498 2778 627 2835; x_wconf 80' lang='lat' dir='ltr'>cesses?</span> <span class='ocrx_word' id='word_1_156' title='bbox 652 2779 843 2853; x_wconf 90' lang='lat' dir='ltr'>nequeenim</span> <span class='ocrx_word' id='word_1_157' title='bbox 859 2779 927 2836; x_wconf 78' lang='lat' dir='ltr'>ente</span> <span class='ocrx_word' id='word_1_158' title='bbox 943 2778 1097 2838; x_wconf 85' lang='lat' dir='ltr'>dehiscent</span> 
     </span>
     <span class='ocr_line' id='line_1_23' title="bbox 177 2868 891 2949; baseline 0.004 -23"><span class='ocrx_word' id='word_1_159' title='bbox 177 2869 318 2929; x_wconf 82' lang='lat' dir='ltr'>Attonitae</span> <span class='ocrx_word' id='word_1_160' title='bbox 333 2891 442 2949; x_wconf 80' lang='lat' dir='ltr'>magne</span> <span class='ocrx_word' id='word_1_161' title='bbox 457 2891 509 2929; x_wconf 83' lang='lat' dir='ltr'>ore</span> <span class='ocrx_word' id='word_1_162' title='bbox 523 2868 636 2929; x_wconf 82' lang='lat' dir='ltr'>domris.</span> <span class='ocrx_word' id='word_1_163' title='bbox 679 2872 718 2929; x_wconf 88' lang='lat' dir='ltr'>Et</span> <span class='ocrx_word' id='word_1_164' title='bbox 733 2872 806 2929; x_wconf 80' lang='lat' dir='ltr'>telis</span> <span class='ocrx_word' id='word_1_165' title='bbox 820 2872 891 2942; x_wconf 82' lang='lat' dir='ltr'>sats,</span> 
     </span>
    </p>

    <p class='ocr_par' dir='ltr' id='par_1_16' title="bbox 179 2962 953 3042">
     <span class='ocr_line' id='line_1_24' title="bbox 179 2962 953 3042; baseline 0.001 -19"><span class='ocrx_word' id='word_1_166' title='bbox 179 2962 340 3024; x_wconf 86' lang='lat' dir='ltr'>Conticuit.</span> <span class='ocrx_word' id='word_1_167' title='bbox 383 2966 509 3024; x_wconf 89' lang='lat' dir='ltr'>Gelidus</span> <span class='ocrx_word' id='word_1_168' title='bbox 523 2966 651 3023; x_wconf 87' lang='lat' dir='ltr'>Teucris</span> <span class='ocrx_word' id='word_1_169' title='bbox 667 2985 719 3042; x_wconf 91' lang='lat' dir='ltr'>per</span> <span class='ocrx_word' id='word_1_170' title='bbox 733 2967 808 3023; x_wconf 83' lang='lat' dir='ltr'>durs</span> <span class='ocrx_word' id='word_1_171' title='bbox 822 2968 953 3025; x_wconf 87' lang='lat' dir='ltr'>cucurrit</span> 
     </span>
    </p>

    <p class='ocr_par' dir='ltr' id='par_1_17' title="bbox 178 3058 1164 3139">
     <span class='ocr_line' id='line_1_25' title="bbox 178 3058 1164 3139; baseline 0.002 -20"><span class='ocrx_word' id='word_1_172' title='bbox 178 3058 256 3119; x_wconf 84' lang='lat' dir='ltr'>Osse</span> <span class='ocrx_word' id='word_1_173' title='bbox 269 3069 380 3117; x_wconf 89' lang='lat' dir='ltr'>tremor</span> <span class='ocrx_word' id='word_1_174' title='bbox 396 3080 403 3129; x_wconf 83' lang='lat'>3</span> <span class='ocrx_word' id='word_1_175' title='bbox 428 3061 580 3137; x_wconf 86' lang='lat' dir='ltr'>funditque</span> <span class='ocrx_word' id='word_1_176' title='bbox 595 3080 702 3137; x_wconf 88' lang='lat' dir='ltr'>preces</span> <span class='ocrx_word' id='word_1_177' title='bbox 715 3080 768 3117; x_wconf 83' lang='lat' dir='ltr'>rex</span> <span class='ocrx_word' id='word_1_178' title='bbox 784 3070 904 3139; x_wconf 84' lang='lat' dir='ltr'>pectore</span> <span class='ocrx_word' id='word_1_179' title='bbox 920 3064 957 3119; x_wconf 82' lang='lat' dir='ltr'>ab</span> <span class='ocrx_word' id='word_1_180' title='bbox 973 3062 1050 3120; x_wconf 90' lang='lat' dir='ltr'>imo:</span> <span class='ocrx_word' id='word_1_181' title='bbox 1125 3064 1164 3120; x_wconf 82' lang='lat'>55</span> 
     </span>
    </p>

    <p class='ocr_par' dir='ltr' id='par_1_18' title="bbox 179 3153 1167 3695">
     <span class='ocr_line' id='line_1_26' title="bbox 214 3153 1010 3232; baseline 0.003 -21"><span class='ocrx_word' id='word_1_182' title='bbox 214 3153 343 3225; x_wconf 88' lang='lat' dir='ltr'>Phoebe,</span> <span class='ocrx_word' id='word_1_183' title='bbox 359 3174 468 3231; x_wconf 84' lang='lat' dir='ltr'>graves</span> <span class='ocrx_word' id='word_1_184' title='bbox 482 3155 581 3229; x_wconf 85' lang='lat' dir='ltr'>Trojae</span> <span class='ocrx_word' id='word_1_185' title='bbox 597 3175 714 3232; x_wconf 90' lang='lat' dir='ltr'>semper</span> <span class='ocrx_word' id='word_1_186' title='bbox 727 3155 866 3212; x_wconf 83' lang='lat' dir='ltr'>miserate</span> <span class='ocrx_word' id='word_1_187' title='bbox 880 3155 1010 3227; x_wconf 86' lang='lat' dir='ltr'>labores,</span> 
     </span>
     <span class='ocr_line' id='line_1_27' title="bbox 179 3244 890 3323; baseline 0 -19"><span class='ocrx_word' id='word_1_188' title='bbox 179 3244 323 3304; x_wconf 79' lang='lat' dir='ltr'>Dardana</span> <span class='ocrx_word' id='word_1_189' title='bbox 338 3248 387 3322; x_wconf 94' lang='lat' dir='ltr'>qui</span> <span class='ocrx_word' id='word_1_190' title='bbox 400 3247 517 3305; x_wconf 82' lang='lat' dir='ltr'>Paridis</span> <span class='ocrx_word' id='word_1_191' title='bbox 532 3248 639 3305; x_wconf 84' lang='lat' dir='ltr'>direxti</span> <span class='ocrx_word' id='word_1_192' title='bbox 652 3249 712 3305; x_wconf 84' lang='lat' dir='ltr'>tela</span> <span class='ocrx_word' id='word_1_193' title='bbox 727 3267 890 3323; x_wconf 81' lang='lat' dir='ltr'>munusque</span> 
     </span>
     <span class='ocr_line' id='line_1_28' title="bbox 181 3338 915 3416; baseline -0.001 -18"><span class='ocrx_word' id='word_1_194' title='bbox 181 3338 298 3416; x_wconf 86' lang='lat' dir='ltr'>Corpus</span> <span class='ocrx_word' id='word_1_195' title='bbox 314 3341 343 3397; x_wconf 93' lang='lat' dir='ltr'>in</span> <span class='ocrx_word' id='word_1_196' title='bbox 358 3341 507 3410; x_wconf 83' lang='lat' dir='ltr'>AEacidae‚</span> <span class='ocrx_word' id='word_1_197' title='bbox 524 3360 649 3416; x_wconf 81' lang='lat' dir='ltr'>magnes</span> <span class='ocrx_word' id='word_1_198' title='bbox 664 3341 804 3397; x_wconf 82' lang='lat' dir='ltr'>obeuntis</span> <span class='ocrx_word' id='word_1_199' title='bbox 818 3349 915 3397; x_wconf 86' lang='lat' dir='ltr'>terras</span> 
     </span>
     <span class='ocr_line' id='line_1_29' title="bbox 180 3430 971 3509; baseline -0.001 -20"><span class='ocrx_word' id='word_1_200' title='bbox 180 3432 237 3490; x_wconf 92' lang='lat' dir='ltr'>Tot</span> <span class='ocrx_word' id='word_1_201' title='bbox 251 3433 346 3490; x_wconf 85' lang='lat' dir='ltr'>marie</span> <span class='ocrx_word' id='word_1_202' title='bbox 361 3435 478 3504; x_wconf 84' lang='lat' dir='ltr'>intravi,</span> <span class='ocrx_word' id='word_1_203' title='bbox 495 3434 571 3490; x_wconf 91' lang='lat' dir='ltr'>duce</span> <span class='ocrx_word' id='word_1_204' title='bbox 586 3442 625 3502; x_wconf 90' lang='lat' dir='ltr'>te,</span> <span class='ocrx_word' id='word_1_205' title='bbox 644 3433 819 3509; x_wconf 82' lang='lat' dir='ltr'>penitusque</span> <span class='ocrx_word' id='word_1_206' title='bbox 834 3430 971 3507; x_wconf 80' lang='lat' dir='ltr'>repdstes</span> 
     </span>
     <span class='ocr_line' id='line_1_30' title="bbox 179 3523 1167 3604; baseline -0.006 -21"><span class='ocrx_word' id='word_1_207' title='bbox 179 3523 344 3602; x_wconf 79' lang='lat' dir='ltr'>Massylrim</span> <span class='ocrx_word' id='word_1_208' title='bbox 358 3536 475 3604; x_wconf 83' lang='lat' dir='ltr'>gentes,</span> <span class='ocrx_word' id='word_1_209' title='bbox 492 3533 695 3602; x_wconf 79' lang='lat' dir='ltr'>praetenteque</span> <span class='ocrx_word' id='word_1_210' title='bbox 711 3525 847 3599; x_wconf 87' lang='lat' dir='ltr'>Syrtibus</span> <span class='ocrx_word' id='word_1_211' title='bbox 862 3543 953 3592; x_wconf 80' lang='lat' dir='ltr'>erva3</span> <span class='ocrx_word' id='word_1_212' title='bbox 1127 3529 1167 3586; x_wconf 83' lang='grc'>60</span> 
     </span>
     <span class='ocr_line' id='line_1_31' title="bbox 180 3617 935 3695; baseline -0.003 -19"><span class='ocrx_word' id='word_1_213' title='bbox 180 3618 248 3676; x_wconf 86' lang='lat' dir='ltr'>Jnm</span> <span class='ocrx_word' id='word_1_214' title='bbox 261 3620 382 3676; x_wconf 86' lang='lat' dir='ltr'>tandem</span> <span class='ocrx_word' id='word_1_215' title='bbox 396 3619 492 3676; x_wconf 80' lang='lat' dir='ltr'>Italiae</span> <span class='ocrx_word' id='word_1_216' title='bbox 507 3617 647 3695; x_wconf 85' lang='lat' dir='ltr'>fugientis</span> <span class='ocrx_word' id='word_1_217' title='bbox 663 3617 832 3692; x_wconf 87' lang='lat' dir='ltr'>prendimus</span> <span class='ocrx_word' id='word_1_218' title='bbox 847 3636 935 3674; x_wconf 85' lang='lat' dir='ltr'>orus:</span> 
     </span>
    </p>

    <p class='ocr_par' dir='ltr' id='par_1_19' title="bbox 182 3709 862 3787">
     <span class='ocr_line' id='line_1_32' title="bbox 182 3709 862 3787; baseline -0.004 -18"><span class='ocrx_word' id='word_1_219' title='bbox 182 3709 251 3769; x_wconf 68' lang='lat' dir='ltr'>Hic</span> <span class='ocrx_word' id='word_1_220' title='bbox 265 3712 398 3787; x_wconf 85' lang='lat' dir='ltr'>Trojsnn</span> <span class='ocrx_word' id='word_1_221' title='bbox 412 3721 498 3769; x_wconf 90' lang='lat' dir='ltr'>tenus</span> <span class='ocrx_word' id='word_1_222' title='bbox 513 3710 601 3767; x_wconf 86' lang='lat' dir='ltr'>suerit</span> <span class='ocrx_word' id='word_1_223' title='bbox 616 3710 735 3767; x_wconf 85' lang='lat' dir='ltr'>fortune</span> <span class='ocrx_word' id='word_1_224' title='bbox 749 3719 862 3767; x_wconf 84' lang='lat' dir='ltr'>secuta.</span> 
     </span>
    </p>

    <p class='ocr_par' dir='ltr' id='par_1_20' title="bbox 182 3803 1007 3882">
     <span class='ocr_line' id='line_1_33' title="bbox 182 3803 1007 3882; baseline 0.001 -21"><span class='ocrx_word' id='word_1_225' title='bbox 182 3804 243 3861; x_wconf 88' lang='lat' dir='ltr'>Vos</span> <span class='ocrx_word' id='word_1_226' title='bbox 259 3824 376 3880; x_wconf 93' lang='lat' dir='ltr'>quoque</span> <span class='ocrx_word' id='word_1_227' title='bbox 391 3805 565 3882; x_wconf 82' lang='lat' dir='ltr'>Pergameae</span> <span class='ocrx_word' id='word_1_228' title='bbox 582 3804 646 3878; x_wconf 83' lang='lat' dir='ltr'>jem</span> <span class='ocrx_word' id='word_1_229' title='bbox 660 3803 705 3860; x_wconf 85' lang='lat' dir='ltr'>sas</span> <span class='ocrx_word' id='word_1_230' title='bbox 719 3812 764 3860; x_wconf 89' lang='lat' dir='ltr'>est</span> <span class='ocrx_word' id='word_1_231' title='bbox 777 3823 901 3879; x_wconf 80' lang='lat' dir='ltr'>parcere</span> <span class='ocrx_word' id='word_1_232' title='bbox 915 3804 1007 3881; x_wconf 85' lang='lat' dir='ltr'>genti,</span> 
     </span>
    </p>

    <p class='ocr_par' dir='ltr' id='par_1_21' title="bbox 181 3896 1167 4159">
     <span class='ocr_line' id='line_1_34' title="bbox 181 3896 1079 3976; baseline 0.004 -21"><span class='ocrx_word' id='word_1_233' title='bbox 181 3896 282 3974; x_wconf 90' lang='lat' dir='ltr'>Dique</span> <span class='ocrx_word' id='word_1_234' title='bbox 297 3898 421 3973; x_wconf 86' lang='lat' dir='ltr'>deaeque</span> <span class='ocrx_word' id='word_1_235' title='bbox 436 3917 549 3967; x_wconf 90' lang='lat' dir='ltr'>omnes,</span> <span class='ocrx_word' id='word_1_236' title='bbox 566 3899 673 3973; x_wconf 89' lang='lat' dir='ltr'>quibus</span> <span class='ocrx_word' id='word_1_237' title='bbox 688 3898 799 3954; x_wconf 89' lang='lat' dir='ltr'>obstitit</span> <span class='ocrx_word' id='word_1_238' title='bbox 814 3897 911 3967; x_wconf 89' lang='lat' dir='ltr'>Ilium,</span> <span class='ocrx_word' id='word_1_239' title='bbox 929 3907 958 3954; x_wconf 86' lang='lat' dir='ltr'>et</span> <span class='ocrx_word' id='word_1_240' title='bbox 972 3898 1079 3976; x_wconf 80' lang='lat' dir='ltr'>ingens</span> 
     </span>
     <span class='ocr_line' id='line_1_35' title="bbox 182 3989 1167 4065; baseline 0.001 -16"><span class='ocrx_word' id='word_1_241' title='bbox 182 3990 287 4050; x_wconf 85' lang='lat' dir='ltr'>Gloria</span> <span class='ocrx_word' id='word_1_242' title='bbox 302 3990 478 4048; x_wconf 83' lang='lat' dir='ltr'>Dardeniae.</span> <span class='ocrx_word' id='word_1_243' title='bbox 521 3989 640 4065; x_wconf 89' lang='lat' dir='ltr'>Tuque,</span> <span class='ocrx_word' id='word_1_244' title='bbox 657 3991 985 4061; x_wconf 85' lang='lat' dir='ltr'>osanctissimsvetes,</span> <span class='ocrx_word' id='word_1_245' title='bbox 1129 3992 1167 4050; x_wconf 80' lang='lat'>65</span> 
     </span>
     <span class='ocr_line' id='line_1_36' title="bbox 183 4082 846 4159; baseline 0.002 -19"><span class='ocrx_word' id='word_1_246' title='bbox 183 4082 315 4141; x_wconf 82' lang='lat' dir='ltr'>Praescia</span> <span class='ocrx_word' id='word_1_247' title='bbox 329 4085 455 4154; x_wconf 88' lang='lat' dir='ltr'>venturi,</span> <span class='ocrx_word' id='word_1_248' title='bbox 472 4084 520 4155; x_wconf 84' lang='lat' dir='ltr'>da,</span> <span class='ocrx_word' id='word_1_249' title='bbox 538 4104 596 4141; x_wconf 92' lang='lat' dir='ltr'>non</span> <span class='ocrx_word' id='word_1_250' title='bbox 610 4084 742 4141; x_wconf 82' lang='lat' dir='ltr'>indebita</span> <span class='ocrx_word' id='word_1_251' title='bbox 757 4103 846 4159; x_wconf 92' lang='lat' dir='ltr'>posco</span> 
     </span>
    </p>

    <p class='ocr_par' dir='ltr' id='par_1_22' title="bbox 183 4175 909 4255">
     <span class='ocr_line' id='line_1_37' title="bbox 183 4175 909 4255; baseline 0 -21"><span class='ocrx_word' id='word_1_252' title='bbox 183 4176 292 4255; x_wconf 81' lang='lat' dir='ltr'>Regna</span> <span class='ocrx_word' id='word_1_253' title='bbox 306 4178 380 4235; x_wconf 89' lang='lat' dir='ltr'>meis</span> <span class='ocrx_word' id='word_1_254' title='bbox 394 4177 472 4248; x_wconf 84' lang='lat' dir='ltr'>fatis,</span> <span class='ocrx_word' id='word_1_255' title='bbox 488 4177 577 4235; x_wconf 80' lang='lat' dir='ltr'>Latio</span> <span class='ocrx_word' id='word_1_256' title='bbox 592 4177 746 4234; x_wconf 87' lang='lat' dir='ltr'>considere</span> <span class='ocrx_word' id='word_1_257' title='bbox 762 4175 909 4249; x_wconf 89' lang='lat' dir='ltr'>Teucros,</span> 
     </span>
    </p>

    <p class='ocr_par' dir='ltr' id='par_1_23' title="bbox 184 4269 929 4346">
     <span class='ocr_line' id='line_1_38' title="bbox 184 4269 929 4346; baseline 0.001 -18"><span class='ocrx_word' id='word_1_258' title='bbox 184 4269 389 4346; x_wconf 81' lang='lat' dir='ltr'>Errantesque</span> <span class='ocrx_word' id='word_1_259' title='bbox 404 4271 486 4340; x_wconf 89' lang='lat' dir='ltr'>deos,</span> <span class='ocrx_word' id='word_1_260' title='bbox 503 4271 671 4346; x_wconf 79' lang='lat' dir='ltr'>agitataque</span> <span class='ocrx_word' id='word_1_261' title='bbox 687 4271 807 4327; x_wconf 84' lang='lat' dir='ltr'>numine</span> <span class='ocrx_word' id='word_1_262' title='bbox 820 4270 929 4346; x_wconf 86' lang='lat' dir='ltr'>Trojae.</span> 
     </span>
    </p>

    <p class='ocr_par' dir='ltr' id='par_1_24' title="bbox 184 4362 1168 4629">
     <span class='ocr_line' id='line_1_39' title="bbox 184 4362 1037 4440; baseline 0 -19"><span class='ocrx_word' id='word_1_263' title='bbox 184 4362 259 4422; x_wconf 91' lang='lat' dir='ltr'>Tum</span> <span class='ocrx_word' id='word_1_264' title='bbox 275 4364 391 4422; x_wconf 90' lang='lat' dir='ltr'>Phoebo</span> <span class='ocrx_word' id='word_1_265' title='bbox 406 4373 435 4421; x_wconf 89' lang='lat' dir='ltr'>et</span> <span class='ocrx_word' id='word_1_266' title='bbox 450 4362 560 4421; x_wconf 86' lang='lat' dir='ltr'>Triviae</span> <span class='ocrx_word' id='word_1_267' title='bbox 574 4363 668 4420; x_wconf 91' lang='lat' dir='ltr'>solido</span> <span class='ocrx_word' id='word_1_268' title='bbox 682 4363 719 4420; x_wconf 92' lang='lat' dir='ltr'>de</span> <span class='ocrx_word' id='word_1_269' title='bbox 734 4384 881 4421; x_wconf 84' lang='lat' dir='ltr'>marmore</span> <span class='ocrx_word' id='word_1_270' title='bbox 896 4364 1037 4440; x_wconf 87' lang='lat' dir='ltr'>templum</span> 
     </span>
     <span class='ocr_line' id='line_1_40' title="bbox 185 4455 1168 4532; baseline -0.001 -17"><span class='ocrx_word' id='word_1_271' title='bbox 185 4455 352 4529; x_wconf 83' lang='lat' dir='ltr'>Instituam,</span> <span class='ocrx_word' id='word_1_272' title='bbox 368 4458 518 4532; x_wconf 79' lang='lat' dir='ltr'>festosque</span> <span class='ocrx_word' id='word_1_273' title='bbox 534 4458 597 4514; x_wconf 88' lang='lat' dir='ltr'>dies</span> <span class='ocrx_word' id='word_1_274' title='bbox 612 4457 647 4513; x_wconf 94' lang='lat' dir='ltr'>de</span> <span class='ocrx_word' id='word_1_275' title='bbox 663 4459 778 4515; x_wconf 92' lang='lat' dir='ltr'>nomine</span> <span class='ocrx_word' id='word_1_276' title='bbox 794 4459 910 4515; x_wconf 88' lang='lat' dir='ltr'>Phoebi.</span> <span class='ocrx_word' id='word_1_277' title='bbox 1130 4459 1168 4514; x_wconf 75' lang='lat'>70</span> 
     </span>
     <span class='ocr_line' id='line_1_41' title="bbox 186 4547 1091 4629; baseline -0.002 -20"><span class='ocrx_word' id='word_1_278' title='bbox 186 4547 229 4609; x_wconf 85' lang='lat' dir='ltr'>Te</span> <span class='ocrx_word' id='word_1_279' title='bbox 245 4571 364 4628; x_wconf 91' lang='lat' dir='ltr'>quoque</span> <span class='ocrx_word' id='word_1_280' title='bbox 378 4569 488 4629; x_wconf 78' lang='lat' dir='ltr'>magne</span> <span class='ocrx_word' id='word_1_281' title='bbox 499 4558 618 4609; x_wconf 81' lang='lat' dir='ltr'>manent</span> <span class='ocrx_word' id='word_1_282' title='bbox 633 4552 735 4629; x_wconf 83' lang='lat' dir='ltr'>regnis</span> <span class='ocrx_word' id='word_1_283' title='bbox 749 4551 914 4628; x_wconf 79' lang='lat' dir='ltr'>penetreiie</span> <span class='ocrx_word' id='word_1_284' title='bbox 927 4550 1057 4608; x_wconf 87' lang='lat' dir='ltr'>nostris:</span> <span class='ocrx_word' id='word_1_285' title='bbox 1086 4600 1091 4607; x_wconf 90' lang='lat'><em>.</em></span> 
     </span>
    </p>
   </div>
   <div class='ocr_carea' id='block_1_3' title="bbox 0 0 1364 5122">
    <p class='ocr_par' dir='ltr' id='par_1_25' title="bbox 0 0 1364 5122">
     <span class='ocr_line' id='line_1_42' title="bbox 0 0 1364 5122; baseline 0 0"><span class='ocrx_word' id='word_1_286' title='bbox 0 0 1364 5122; x_wconf 95' lang='lat' dir='ltr'> </span> 
     </span>
    </p>
   </div>
  </div>
 </body>
</html>
