2692 5122
180 377 219 438 58
472 373 498 420 Ρ.
523 372 693 420 VlliGILll
720 373 893 421 Mauortis

221 513 315 571 Poma
329 532 457 590 quoque,
475 521 506 570 ut
522 513 646 590 primirm
660 521 782 570 truncos
796 509 919 571 sensire
934 510 1078 582 valentes,

180 606 221 665 Et
236 607 315 664 vires
335 604 467 664 habuere
483 626 565 678 suas,
582 607 619 664 ad
635 606 734 664 sidera
748 607 854 684 raptim

181 698 221 757 Vi
236 686 356 777 proprisi
370 700 512 771 nituntur,
529 699 654 777 opisque
669 700 748 757 haud
762 700 863 777 indiga
877 707 996 757 nostrae.

220 792 249 851 N
252 813 288 850 ec
301 793 398 851 minias
412 794 527 851 interea
541 794 614 853 foetu
629 813 734 852 nemus
748 813 834 851 omne
849 792 1010 870 gravescit,

180 884 420 965 Sanguineisque
437 887 548 945 inculta
563 889 670 945 rubent
685 888 798 945 aviaria
810 887 913 945 baccis
929 905 937 956 ;
1110 887 1170 946 430

179 980 355 1038 Tondentur
369 981 457 1056 cytisi
473 999 481 1049 ;
504 980 597 1039 taedas
611 981 687 1040 silva
701 981 761 1038 alta
775 981 931 1051 ministrat,

179 1073 408 1149 Pascunturque
424 1074 510 1151 ignes
524 1075 672 1145 nocturni,
690 1083 719 1132 et
737 1075 849 1132 lumina
863 1073 996 1133 fundunt.

178 1166 219 1225 Et
234 1167 369 1225 dubitant
384 1167 517 1225 homines
532 1187 645 1239 serere,
662 1176 752 1244 atque
768 1167 938 1244 impendere
954 1169 1076 1224 curaml

180 1261 261 1329 Quid
277 1263 389 1337 majora
405 1281 517 1337 sequar
534 1261 544 1317 i
566 1263 675 1320 salices
689 1262 874 1337 humilesque
889 1261 1025 1338 genistae,
1108 1314 1112 1319 .

178 1355 240 1413 Aut
254 1355 312 1412 illae
328 1355 429 1433 pecori
445 1355 588 1426 frondem,
606 1365 658 1414 aut
677 1355 844 1433 pastoribus
859 1355 979 1411 umbras
1109 1355 1169 1413 4³5

179 1448 347 1519 Sufficiunt,
364 1468 525 1525 sepemqua
541 1450 624 1520 satis,
641 1458 670 1506 ct
686 1450 795 1527 pabula
810 1448 898 1505 melli.

178 1543 218 1602 Et
236 1544 321 1620 juvat
337 1543 496 1601 undantem
511 1545 590 1600 buxo
605 1552 743 1620 spectare
760 1543 916 1618 Cytorum,

177 1636 380 1713 Naryciaeque
398 1637 471 1713 picis
485 1636 570 1693 lucos
585 1655 592 1692 :
611 1637 696 1711 juvat
711 1655 783 1693 arva
798 1634 911 1704 videre,

178 1728 207 1787 N
210 1749 248 1787 on
262 1729 378 1801 rastris,
395 1728 545 1786 hominum
560 1748 619 1786 non
634 1728 686 1786 ulli
700 1728 828 1786 obnoxia
842 1746 933 1785 curis.

177 1820 256 1900 Ipsae
272 1822 425 1882 Caucasio
440 1823 557 1879 steriles
573 1823 602 1880 in
617 1822 729 1879 vertice
744 1821 838 1891 silvae,

178 1916 265 1983 Quas
279 1916 405 1974 animosi
419 1916 495 1974 Euri
511 1915 630 1973 assidui
645 1916 847 1993 franguntque
862 1914 1031 1989 feruntque,

176 2008 260 2068 Dant
275 2011 349 2068 alios
363 2011 429 2068 alim
444 2010 534 2068 foetos
548 2029 556 2079 3
581 2009 651 2067 dant
667 2010 739 2066 utile
754 2008 877 2085 lignum,

177 2103 206 2162 N
209 2104 315 2182 avigiis
331 2104 426 2181 pinos,
442 2103 578 2161 domibus
592 2102 775 2178 cedrumque
790 2119 1010 2176 cupressosque
1026 2121 1034 2172 3

176 2194 260 2255 Hinc
276 2197 375 2255 radios
389 2195 501 2256 trivire
516 2198 598 2267 rotis,
616 2196 684 2253 hinc
698 2204 840 2272 tympana
855 2194 996 2271 plaustris

177 2290 340 2367 Agricolre,
357 2299 387 2347 et
401 2290 514 2366 pandas
528 2290 642 2347 ratibus
656 2285 783 2364 posudre
798 2288 927 2346 carinas.

177 2381 345 2439 Viminibus
360 2382 469 2439 salices
485 2382 642 2450 foecundae,
659 2379 812 2437 frondibus
827 2380 919 2437 ulmi:

177 2475 217 2533 At
232 2487 346 2551 myrtus
359 2474 463 2531 validis
477 2474 644 2545 hastilibus,
662 2483 691 2531 et
707 2476 785 2531 bona
799 2474 878 2531 bello

177 2567 299 2627 Cornus
313 2587 320 2636 ;
343 2565 470 2625 Ituraeos
484 2567 546 2623 taxi
559 2575 737 2642 torquentur
750 2568 779 2624 in
796 2586 894 2626 arcus.

176 2660 205 2719 N
208 2679 244 2717 ec
257 2661 328 2718 tiliae
343 2661 425 2717 leves
440 2669 491 2716 aut
507 2669 594 2717 torno
609 2660 699 2717 rasile
715 2662 824 2718 buxum

176 2753 205 2812 N
208 2774 246 2811 on
261 2753 384 2811 formam
400 2754 560 2830 accipiunt,
577 2752 717 2829 ferroque
732 2762 877 2812 cavantur
892 2764 991 2815 acuto.

176 2847 206 2907 N
208 2867 243 2904 ec
258 2868 316 2906 non
331 2857 360 2905 et
374 2857 537 2905 torrentem
552 2847 659 2905 undam
674 2848 748 2905 levis
763 2848 876 2905 innatat
891 2849 988 2920 alnus,

176 2941 272 3000 Missa
285 2941 390 3010 Pado;
415 2961 471 2999 nec
485 2961 543 3000 noo
559 2951 588 2999 ct
603 2961 676 3018 apes
690 2942 828 2999 examina
843 2943 975 3001 condunt

177 3034 411 3112 Corticibusque
426 3036 508 3094 cavis
522 3036 695 3112 vitiosaque
711 3036 787 3093 ilicis
802 3036 897 3094 alveo.

177 3128 258 3196 Quid
273 3130 495 3187 memorandum
509 3129 593 3205 aequir
609 3129 761 3187 Baccheia
775 3130 853 3186 dona
868 3131 999 3187 tulerunt
1014 3129 1026 3185 l

175 3221 316 3281 Bacchus
330 3232 359 3279 et
374 3223 410 3279 ad
426 3223 542 3299 culpam
557 3243 667 3280 causas
681 3223 760 3280 dedit
777 3242 784 3280 τ
809 3224 857 3281 ille
873 3223 1005 3281 furentes

177 3314 348 3373 Centauros
362 3316 422 3372 leto
437 3315 557 3384 domuit,
574 3316 790 3392 Rhoetumque,
807 3317 1004 3393 Pholumque,

175 3407 216 3466 Et
231 3428 339 3484 magno
354 3407 497 3482 Hylaeum
510 3407 647 3484 Lapithis
661 3418 778 3465 cratere
794 3411 964 3468 minantem.

216 3501 243 3559 Ο
260 3501 422 3557 fortunatos
441 3500 570 3572 nimiirm,
586 3521 641 3559 sua
657 3500 682 3558 si
697 3503 775 3558 bona
789 3501 897 3573 ndrint,

176 3594 355 3672 Agricolas!
379 3594 486 3669 quibus
500 3593 575 3671 ipsa,
592 3595 695 3672 procul
710 3595 896 3653 discordibus
910 3596 1011 3668 armis,

176 3687 286 3747 Fundit
301 3688 389 3744 humo
403 3687 521 3744 facilem
536 3689 644 3746 victum
663 3689 828 3764 justissima
842 3690 940 3748 tellus.

177 3781 208 3839 Si
223 3800 280 3837 non
295 3781 444 3858 ingentem
459 3781 571 3840 foribus
586 3782 691 3840 domus
705 3783 766 3839 alta
780 3783 917 3860 superbis

175 3872 267 3931 Mane
283 3874 462 3931 salutantim
476 3875 545 3932 totis
560 3876 649 3934 vomit
664 3876 778 3934 sedibus
792 3875 912 3946 undam,

175 3966 242 4026 Nec
259 3968 356 4024 varios
371 3967 483 4025 inhiant
498 3968 623 4044 pulchris
636 3970 783 4028 testudine
799 3980 909 4047 postes,

176 4059 343 4135 Illusasque
358 4080 430 4118 auro
444 4070 554 4132 vestes,
569 4062 783 4141 Ephyreiaque
799 4081 860 4119 tera
874 4081 881 4131 ;

175 4154 255 4214 Alba
269 4173 366 4229 neque
380 4155 506 4232 Assyrio
521 4156 640 4214 fucatur
653 4158 722 4215 lana
737 4175 863 4227 veneno,
