2692 5122
175 377 235 438 „q
461 370 488 416 r.
507 369 670 419 vinoun
690 369 862 420 nunonis

180 509 278 578 Quive
293 509 347 567 viri
360 517 442 568 tento
456 506 629 586 complerint
642 509 761 587 agmins
775 509 865 587 ripen

177 603 256 661 Tum
271 611 355 681 pater
367 602 515 660 Anchises
530 621 537 659 :
559 603 686 672 Animm
702 603 808 678 qu'drns
822 603 916 660 ultera
928 600 990 660 feto

179 696 316 774 Corpora
329 697 483 767 debentur,
498 696 616 756 Iaetbaei
629 695 667 754 ed
680 696 808 754 fluminis
825 696 934 754 undu
1092 700 1095 705 ’

176 792 308 853 Securos
321 790 426 849 latices
440 799 470 848 et
483 791 574 868 longe
586 791 695 849 oblivis
712 798 822 868 potem.
1095 792 1115 846 “l
1120 788 1159 849 1⁵

179 884 247 942 Hes
261 884 398 960 equidem
409 903 575 942 memorare
588 884 651 954 tibi,
668 895 758 960 utque
771 882 929 942 ostendere
941 880 1053 955 corin,

177 979 248 1038 Jum
262 978 374 1056 pridem
387 980 464 1037 benc
478 981 590 1056 prolem
604 979 691 1056 cupio
704 997 881 1037 enumerare
895 996 1038 1051 meorum,

179 1071 249 1140 Quo
263 1072 359 1151 magis
372 1072 461 1131 itaut
474 1091 589 1131 mecum
602 1073 703 1131 laetere
717 1071 845 1150 repertd.

178 1164 206 1224 O
221 1175 316 1242 peter,
332 1186 408 1224 sune
422 1167 538 1242 aliquus
552 1164 590 1223 ed
604 1167 713 1225 coelum
726 1166 795 1223 bine
808 1166 852 1222 ire
864 1164 1026 1242 putendum
1037 1170 1084 1225 est

176 1259 326 1320 subtimes
339 1261 464 1330 enimes,
480 1260 645 1336 iterumque
660 1259 788 1317 interdu
801 1260 911 1317 reverti
1095 1259 1160 1318 ‘m

179 1351 317 1429 Corpore
331 1353 342 1408 ?
364 1353 442 1420 Ques
456 1353 532 1411 lucis
545 1354 662 1412 miseris
674 1361 735 1411 tum
748 1353 813 1411 dire
825 1351 934 1429 cupido
949 1351 961 1408 l

178 1445 287 1503 Dicam
301 1446 437 1522 equidem
454 1466 461 1517 ;
484 1466 541 1505 nec
554 1459 585 1505 te
598 1465 785 1523 suspensum,
800 1457 879 1516 nete,
893 1446 1003 1504 tenebo
1015 1464 1025 1516 ς

179 1539 307 1617 Suscipit
320 1541 479 1611 Anchises,
495 1548 584 1616 etque
598 1540 701 1598 ordine
714 1540 832 1617 singule
851 1538 959 1616 pendit.

217 1632 367 1710 Principio
381 1634 489 1692 coelum
503 1653 539 1692 ec
553 1644 659 1704 terres,
674 1651 854 1709 composque
867 1633 1025 1708 liquentes,
1168 1688 1172 1696 ,

176 1724 402 1802 {arcentemque
416 1727 536 1804 globum
550 1727 638 1798 lunae,
653 1727 832 1802 Titaniaque
852 1735 942 1795 uem,
1097 1724 1160 1782 ‘M

179 1819 304 1895 Spiritus
318 1819 397 1877 intus
410 1820 472 1890 elit,
487 1829 638 1896 totumque
653 1820 750 1878 infuse
764 1838 817 1896 per
830 1828 913 1877 enus

176 1911 266 1970 Mens
281 1913 373 1990 agitet
387 1914 503 1984 molem,
520 1920 549 1971 et
563 1932 671 1991 megno
684 1932 717 1970 se
730 1932 856 1990 corpore
869 1911 984 1970 miscet.

178 2003 252 2063 lnde
266 2006 414 2064 hominum
430 2006 634 2084 pecudumque
648 2026 754 2084 genus,
772 2007 899 2082 viteque
913 1999 1074 2077 votmttm,

177 2097 218 2158 Et
234 2118 299 2175 quae
314 2119 478 2158 marmoreo
491 2100 548 2158 sert
563 2110 693 2158 monstra
706 2101 762 2156 sub
776 2118 895 2175 sequere
909 2105 1026 2176 pontiu.

178 2191 291 2269 lgneus
305 2203 350 2250 est
364 2193 429 2251 ollis
445 2194 529 2269 rigor
543 2202 572 2251 et
586 2193 717 2251 eoelestis
731 2193 815 2270 origo
1097 2190 1159 2249 ⁷8)

179 2285 356 2356 Seminibus,
373 2287 516 2361 quantum
529 2304 587 2343 non
601 2286 689 2343 noxis
703 2303 829 2362 corpore
840 2284 971 2356 tardent,

178 2377 365 2453 Terrenique
379 2379 519 2435 hebetent
533 2387 616 2437 crtus
629 2377 862 2454 moribundaque
875 2378 1017 2437 membre.

179 2470 261 2529 Hinc
272 2480 404 2529 metuunt
416 2472 607 2547 cupiuntque,
619 2471 719 2529 dolent
729 2472 920 2549 gaudentque
934 2492 943 2542 ;
959 2491 1056 2550 neque
1068 2489 1157 2533 auru

178 2564 358 2639 Dispiciunt,
373 2563 484 2621 clsusae
499 2565 629 2622 tenebris
643 2578 672 2622 et
691 2584 815 2623 carcere
829 2585 920 2625 cneco.

179 2655 262 2722 Quin
276 2665 305 2713 et
318 2674 456 2732 supremo
470 2676 559 2731 quum
573 2657 682 2715 lumine
696 2659 756 2717 vitu
774 2659 903 2735 reliquit,
1098 2658 1157 2717 786

179 2749 207 2807 N
211 2769 248 2806 on
262 2759 362 2806 tumen
376 2768 462 2806 omne
476 2750 584 2807 melum
599 2751 724 2821 miseris,
739 2771 797 2809 nec
811 2751 940 2811 funditus
953 2770 1058 2811 omnes

180 2841 343 2918 Corporeae
356 2842 502 2900 excedunt
524 2851 622 2918 pestes
635 2863 643 2912 3
667 2844 842 2921 penitusque
856 2864 981 2904 nonense
995 2853 1041 2905 est

178 2934 276 2994 Multu
289 2935 338 2994 diu
352 2944 493 2994 concrete
506 2936 599 2994 modis
612 2938 777 2995 inolescere
791 2938 882 2996 miris.

179 3029 264 3107 Ergo
278 3039 456 3089 exercentur
469 3030 575 3107 poenis,
590 3039 783 3107 veterumque
798 3032 942 3089 mulorum

180 3121 332 3200 Supplicia
346 3123 522 3199 expendunt.
564 3123 642 3181 Alite
657 3124 824 3200 penduntur
838 3125 944 3183 inanes
1099 3126 1159 3184 ’140

181 3217 338 3292 Suspensus
354 3215 391 3272 ud
404 3225 528 3274 ventos:
552 3216 617 3274 eliis
630 3218 685 3274 sub
699 3218 816 3294 gurgite
830 3226 914 3276 vesto

180 3306 327 3364 Insectum
340 3307 449 3365 eluitur
462 3308 572 3377 scelus,
589 3317 638 3366 eut
652 3309 784 3367 exuritur
798 3310 860 3388 igni
875 3329 882 3367 :

181 3398 316 3475 Quisque
332 3419 402 3456 suos
417 3400 543 3475 petimur
553 3399 681 3470 Menes3
704 3403 809 3461 exinde
825 3423 878 3480 per
891 3403 1021 3483 emplum

180 3489 329 3550 Mittimur
342 3490 488 3567 Elysium,
505 3500 534 3549 et
548 3495 635 3569 puuci
650 3495 718 3553 laete
731 3514 804 3554 erre
817 3506 952 3557 tenemus
967 3516 975 3555 t

179 3583 287 3643 Donec
301 3584 390 3661 longe
403 3582 477 3655 dies,
495 3586 625 3662 perfecto
639 3590 779 3665 temporis
793 3592 875 3661 orbe,
1101 3592 1160 3652 'leb

181 3677 363 3736 Concretum
376 3678 483 3736 exemit
496 3679 603 3752 labem,
619 3701 784 3758 purumque
798 3685 917 3760 reliquit
1125 3683 1131 3697 '

180 3770 352 3828 AEtberium
367 3789 496 3843 sensum,
513 3781 603 3850 utque
617 3781 703 3833 aurel
716 3777 857 3854 simplicis
872 3779 979 3856 ignem.

179 3862 248 3922 Has
263 3883 374 3934 omnes,
391 3865 441 3922 ubi
454 3866 533 3923 mille
547 3874 642 3925 rotem
656 3868 775 3928 volvere
790 3889 843 3947 per
856 3891 961 3944 ennos,

179 3956 334 4016 Lethaeum
348 3958 386 4016 ud
407 3958 527 4017 fluvium
539 3959 615 4019 deus
628 3975 733 4020 evocet
748 3964 864 4041 agmine
879 3984 989 4043 megno
1005 3984 1014 4038 3

179 4050 301 4108 Scilicet
315 4052 500 4111 immemores
512 4072 622 4130 supera
634 4062 665 4112 ut
680 4074 812 4114 connexe
826 4058 958 4117 renuent
1103 4058 1161 4118 'rw

179 4144 309 4216 Rursus,
325 4156 355 4203 et
368 4146 509 4224 incipient
523 4146 553 4205 in
565 4166 693 4225 corpore
706 4148 783 4208 velle
795 4150 917 4211 reverti.
