2692 5122
150 432 204 489 128
431 426 642 473 evincisti
667 426 838 476 masonis

146 567 213 628 Nec
228 565 309 644 pribs
324 566 463 623 amissam
476 567 604 643 respexi,
621 568 787 625 animumve
801 567 914 638 reflexi,

147 660 248 730 Quam
262 661 405 718 tumulum
419 660 548 735 antiquae
564 660 688 719 Cereris
701 661 861 736 sedemque
875 668 1025 718 sacratam

145 755 299 815 Venimus
343 752 406 812 Hic
420 753 547 824 demum,
561 754 696 812 collectis
710 755 855 825 omnibus,
873 774 932 812 una

45 832 53 850 ¹
146 850 250 909 Defuit
264 870 272 920 3
296 857 325 907 et
340 848 473 917 comites,
489 855 660 923 natumque,
677 848 830 924 virumque
845 847 956 905 fefellit.

147 943 246 1013 Quem
262 963 321 1001 non
336 941 470 1000 incusavi
484 960 587 998 amens
600 940 808 1016 hominumque
823 940 1004 1017 deorumque
1019 939 1030 998 l
1071 944 1128 1001 '145

146 1039 206 1097 Aut
222 1036 290 1114 quid
310 1037 338 1092 in
353 1033 461 1093 eversa
474 1033 532 1091 vidi
547 1032 697 1091 crudelius
712 1034 784 1090 urbe
801 1033 812 1087 ἲ
836 1032 845 1046 ”

146 1130 320 1200 Ascanium,
337 1127 549 1203 Anchisenque
564 1135 687 1204 patrem,
703 1127 900 1202 Teucrosque
914 1126 1053 1197 Penates,

147 1223 331 1285 Commendo
345 1221 445 1303 sociis,
462 1229 491 1278 et
504 1219 598 1278 curva
612 1220 689 1277 valle
703 1220 852 1277 recondo:

146 1317 216 1397 Ipse
231 1319 335 1376 urbem
347 1323 461 1392 repeto,
478 1322 506 1372 et
524 1314 629 1391 cingor
643 1313 826 1391 fulgentibus
840 1312 939 1373 armis.
1040 1355 1043 1361 -

147 1413 211 1471 Stat
225 1430 314 1469 casus
327 1427 473 1467 renovare
488 1426 599 1477 omnes,
615 1426 790 1483 omnemque
805 1407 914 1464 reverti
1071 1408 1130 1465 ⁷50

145 1504 206 1566 Per
219 1504 350 1580 Trojam‚
366 1511 396 1560 et
416 1519 520 1559 rursus
533 1507 623 1577 capnt
637 1500 788 1575 objectare
803 1500 931 1576 periclis.

145 1598 296 1675 PrIncipio
310 1615 410 1653 muros
424 1598 611 1670 obscureque
625 1592 726 1650 limina
740 1600 842 1669 portas,

147 1690 221 1760 Qua·
232 1696 369 1769 gressum
382 1688 556 1757 extuleram,
572 1693 674 1762 repeto
691 1704 698 1754 ;
722 1693 752 1742 et
765 1685 893 1762 vestigia
907 1695 986 1747 retro

145 1786 314 1846 Observata
328 1800 438 1859 sequor
451 1788 644 1858 pernoctem,
661 1786 689 1836 et
703 1778 812 1835 lumine
826 1779 930 1840 lustro.

146 1877 264 1938 Horror
279 1875 388 1951 ubique
403 1874 526 1944 animos,
543 1872 628 1930 simul
647 1872 712 1950 ipsa
725 1871 843 1931 silentia
856 1883 978 1934 terrent.
1072 1877 1131 1934 ⁷55

146 1970 220 2030 Inde
234 1956 361 2038 domum,
378 1967 403 2026 si
417 1966 492 2025 sorte
507 1964 622 2044 pedem,
637 1965 663 2022 si
676 1964 751 2022 sorte
766 1965 893 2038 tulisset,

146 2063 198 2123 Me
212 2063 320 2122 resero.
363 2060 515 2118 Irruerant
528 2058 639 2130 Danai,
656 2065 684 2115 et
700 2066 813 2118 tectum
826 2080 912 2118 omne
925 2061 1076 2120 tenebant.

146 2154 233 2214 Ilicet
247 2154 325 2233 ignis
339 2152 415 2211 edax
429 2171 543 2211 summa
557 2151 595 2209 ad
610 2151 729 2230 fastigia
743 2166 832 2212 vento

144 2246 283 2305 Volvitur
296 2266 304 2315 ;
328 2254 508 2323 exsuperant
523 2245 647 2303 flammas
663 2264 671 2313 ;
696 2244 765 2304 furit
780 2255 870 2304 aestus
884 2246 922 2305 ad
936 2266 1036 2308 auras.

144 2339 291 2410 Procedo,
309 2347 338 2396 et
351 2338 462 2397 Priami
476 2339 564 2396 sedes
578 2357 737 2413 arcemque
753 2342 860 2399 reviso.
1071 2343 1132 2400 760

143 2430 186 2495 E'l
202 2428 264 2510 jain
279 2432 441 2510 porticibus
456 2432 559 2491 vacuis
572 2432 700 2490 Junonis
715 2435 799 2511 asylo

145 2524 297 2587 Custodes
311 2525 382 2583 lecti
398 2526 525 2584 Phoenix
539 2534 568 2583 et
582 2524 663 2582 dirus
677 2525 802 2602 Ulysscs

145 2619 283 2679 Praedam
303 2620 507 2677 asservabant.
550 2618 623 2677 Huc
638 2618 768 2696 undique
782 2621 876 2679 Troia
891 2641 969 2700 gaza

145 2713 280 2772 Incensis
293 2720 396 2789 erepta
411 2711 517 2789 adytis,
533 2731 703 2788 mensaeque
718 2713 851 2786 deorum,

145 2804 347 2882 crateresque
362 2826 435 2863 auro
450 2805 544 2875 solidi,
561 2788 739 2882 captivaque
754 2808 845 2865 vestis
1069 2811 1127 2867 ⁷65

145 2898 328 2979 Congeritur
343 2918 350 2955 :
374 2899 458 2977 pueri
472 2906 501 2956 et
518 2898 632 2977 pavidas
646 2900 736 2977 longo
750 2901 853 2959 ordine
868 2909 978 2960 matres

145 2994 229 3052 Stant
250 2993 371 3051 circum.
547 2986 553 3000 “

144 3088 245 3146 Ausus
260 3088 329 3165 quin
344 3086 434 3145 etiam
447 3105 538 3145 voces
554 3086 671 3162 jactare
688 3107 741 3164 per
755 3090 898 3159 umbram,

144 3180 267 3258 Implevi
287 3181 416 3238 clamore
432 3181 505 3251 vias,
522 3189 705 3257 moestusque
719 3181 866 3240 Creiisam

144 3272 351 3349 Nequidquam
366 3271 552 3348 ingeminans
565 3274 730 3349 iterumque
747 3275 910 3351 iterumque
924 3274 1038 3335 vocavi·
1067 3278 1127 3333 ⁵170

143 3366 310 3438 Quaerenti,
328 3376 356 3424 et
370 3366 458 3424 tectis
472 3367 554 3424 urbis
568 3368 630 3424 sine
646 3370 703 3425 fine
718 3369 836 3440 furenti,

143 3460 248 3518 Infelix
267 3461 459 3517 simulacrum
473 3466 561 3535 atque
577 3460 668 3536 ipsius
684 3463 787 3519 umbra
802 3464 928 3523 Credsae

141 3551 218 3611 Visa
230 3553 301 3611 mihi
316 3560 384 3610 ante
399 3552 512 3624 oculos,
528 3559 558 3610 et
572 3552 644 3610 notd
656 3554 751 3628 major
765 3555 873 3634 imago.

142 3644 299 3723 Obstupui,
317 3654 521 3721 steteruntque
535 3666 638 3717 coma,
655 3654 684 3704 et
699 3667 755 3705 vox
770 3648 905 3710 saucibus
918 3650 1013 3710 haesit.

141 3736 220 3796 Tum
234 3739 278 3797 sic
292 3738 386 3810 atlarI,
402 3747 432 3796 et
446 3759 536 3797 curas
549 3739 595 3797 his
609 3738 727 3799 demere
741 3742 827 3800 dictis
843 3762 850 3801 :
957 3778 963 3795 ·
1067 3742 1126 3800 775

182 3830 262 3897 Quid
275 3832 388 3890 tantum
405 3833 509 3891 insano
525 3833 610 3908 juvat
625 3834 779 3913 indulgere
794 3837 898 3909 dolori,

140 3924 169 3984 0
183 3924 279 3983 dulcis
293 3926 426 4001 conjux?
448 3946 507 3983 non
521 3927 587 3985 hac
602 3928 664 3985 sine
679 3931 799 3988 numine
814 3930 913 3990 divium

139 4018 289 4078 Eveniunt
305 4038 312 4075 ε
336 4039 391 4077 nec
409 4028 438 4077 te
454 4020 523 4078 hinc
538 4022 672 4080 comitem
688 4033 843 4100 asportare
858 4024 1008 4084 Creusam

139 4111 212 4185 Fas,
228 4121 279 4170 aut
293 4113 342 4170 ille
357 4114 423 4171 sinit
438 4115 539 4191 superi
552 4125 692 4193 regnator
706 4118 833 4195 Olympi.

138 4203 247 4285 Longa
260 4206 313 4264 tibi
326 4206 441 4279 exsilia,
457 4216 487 4265 et
501 4216 617 4267 vastum
630 4211 720 4269 maris
735 4230 838 4287 aequor
850 4211 1015 4270 arandum:
1065 4214 1127 4271 '180
