2692 5122
182 379 237 437 19⁴
465 374 490 419 P.
512 373 678 419 VIRGILII
700 372 872 421 Mluonts

178 514 217 570 At
237 513 303 591 pius
316 512 437 570 AEneas
455 512 569 590 ingenti
588 512 665 569 mole
680 512 851 589 sepulcrum

179 602 317 683 Imponit,
333 625 448 682 suaque
463 625 546 663 arma
561 606 633 676 viro,
649 624 834 682 remumque,
850 606 1024 680 tubamque,

178 701 281 759 Monte
296 703 351 759 sub
367 703 469 772 aerio;
494 701 544 777 qui
561 721 641 759 nunc
655 701 791 759 Misenus
805 703 843 759 ab
858 701 910 759 illo

178 795 308 867 Dicitur,
325 805 528 872 aeternumque
543 804 624 853 tenet
639 816 693 873 per
705 797 817 855 saecula
831 814 948 854 nomeu.
1104 799 1166 859 2³⁶

218 890 278 948 His
293 890 378 961 actis,
396 890 521 967 propere
537 891 711 965 exsequitur
725 897 876 965 praecepta
891 888 1023 965 Sibylla.

135 991 140 1001 '
180 984 329 1060 Spelunca
344 985 404 1040 alta
422 983 486 1054 luit,
502 993 647 1058 vastoque
663 983 796 1041 immanis
810 983 905 1050 hiatu,

180 1077 324 1153 Scrupea,
339 1085 404 1135 tuta
418 1078 487 1134 lecu
501 1076 588 1153 nigro
602 1095 815 1152 nemorumque
829 1075 973 1146 tenebris,

180 1171 280 1238 Quam
294 1192 383 1249 super
397 1173 476 1230 haud
496 1173 563 1230 ullae
578 1180 713 1249 poterant
728 1171 845 1248 impune
860 1171 996 1229 volantes

148 1273 152 1280 '
178 1263 318 1323 Tendere
333 1266 390 1324 iter
404 1266 508 1342 pennis
524 1285 532 1334 ;
555 1266 623 1323 talis
637 1284 703 1322 sese
717 1265 827 1322 halitus
841 1265 915 1323 stris
1103 1266 1166 1327 240

178 1357 332 1417 Faucibus
346 1359 503 1417 effundens
517 1378 627 1435 supera
641 1358 678 1416 ad
693 1377 827 1416 convexa
840 1358 955 1416 serebat
967 1376 977 1436 3

181 1450 281 1528 [Unde
297 1454 393 1511 locum
406 1453 492 1511 Graii
506 1453 642 1510 dixerunt
656 1451 773 1508 nomine
787 1450 936 1528 Aetnen]

180 1543 318 1610 Quatuor
331 1544 379 1602 bic
395 1546 519 1622 primum
533 1546 686 1622 nigrantes
700 1554 787 1622 terge
804 1544 951 1620 juvencos

180 1637 353 1709 Constituit,
370 1639 518 1714 frontique
533 1638 660 1714 invergit
676 1638 745 1695 vina
757 1637 919 1695 sacerdos:

178 1730 231 1801 Et,
248 1751 378 1789 summes
394 1750 523 1809 carpens
537 1731 635 1788 media
649 1731 726 1787 inter
740 1750 854 1789 cornua
867 1740 957 1802 setas,
1104 1730 1164 1791 W

180 1823 304 1901 Ignibus
319 1825 439 1901 imponit
454 1824 560 1894 sacris,
576 1824 716 1880 libamine
730 1825 834 1900 prima,

179 1916 265 1975 Voce
281 1938 392 1975 vocans
406 1917 558 1987 Hecaten,
574 1917 711 1992 coeloquc
727 1917 890 1993 Ereboque
904 1924 1065 1993 potentem.

180 2011 354 2088 Supponunt
369 2010 419 2067 alii
434 2011 557 2081 cultros,
573 2010 763 2087 tepidumque
778 2029 916 2069 cruorem

180 2104 352 2180 Suscipiunt
366 2104 485 2182 pateris.
529 2104 597 2180 lpse
613 2104 669 2161 atri
685 2104 805 2161 velleris
819 2122 929 2181 agnam

178 2196 298 2255 AEnens
313 2198 400 2254 matri
413 2198 624 2268 Eumenidum,
641 2217 818 2274 maguaeque
833 2197 938 2267 sorori,
1104 2197 1166 2257 250

178 2290 261 2347 Ense
277 2290 365 2360 serit;
391 2291 581 2366 sterilemque
600 2292 663 2361 tibi,
679 2290 870 2368 Proserpina,
887 2309 1019 2350 vaccam.

178 2382 257 2439 Tum
273 2384 376 2460 Stygio
390 2384 456 2460 regi
469 2393 632 2441 nocturnas
649 2384 767 2442 inchoat
782 2404 862 2454 aras,

178 2473 218 2531 Et
233 2475 327 2532 solida
341 2476 462 2552 imponit
476 2485 629 2533 taurorum
642 2478 760 2535 viscera
774 2477 910 2549 flammis,

177 2567 294 2644 Pingue
310 2568 400 2644 super
413 2570 511 2651 oleum
528 2569 685 2627 infundens
700 2570 873 2628 ardentibus
889 2571 974 2630 extis.

217 2660 300 2718 Ecce
316 2669 425 2731 autem,
443 2663 528 2737 primi
542 2665 596 2719 sub
612 2663 723 2720 lumina
737 2664 809 2720 solis
823 2672 852 2720 et
867 2671 959 2734 onus,
1106 2664 1165 2723 25⁶

179 2754 240 2810 Sub
256 2753 379 2830 pedibus
396 2754 511 2832 mugire
526 2755 632 2825 solum,
649 2765 678 2813 et
695 2756 771 2834 juga
785 2766 885 2833 coepta
899 2755 1020 2815 moveri*

179 2847 336 2918 Silvarum,
353 2847 484 2923 visaeque
500 2869 592 2907 canes
607 2850 721 2907 ululare
736 2870 790 2928 per
804 2853 948 2921 umbram,

177 2941 366 2999 Adventante
381 2940 448 3000 det.
492 2940 612 3013 Procul,
629 2963 657 3013 o,
675 2945 777 3019 procul
796 2953 870 3015 este,
887 2942 1013 3022 profani,
1061 2980 1065 2987 ·

178 3033 355 3092 Conclamat
370 3045 464 3107 vates,
481 3045 602 3112 totoque
618 3037 751 3094 absistite
768 3038 847 3096 luco.

176 3129 285 3205 Tuque
305 3130 410 3187 invade
426 3131 513 3200 viam,
530 3129 700 3206 virginisque
715 3130 796 3207 eripe
812 3130 943 3188 serrum:
1104 3130 1165 3188 260

176 3220 205 3280 N
209 3243 266 3280 unc
283 3224 387 3280 animis
406 3244 489 3301 opus,
505 3225 620 3295 AEnea,
636 3245 715 3282 nunc
731 3233 851 3301 pectore
869 3225 964 3284 firmo.

178 3313 306 3372 Tanthm
327 3317 427 3386 effata,
444 3317 546 3374 furens
560 3326 645 3375 antro
659 3338 691 3375 sc
706 3318 824 3376 immisit
838 3326 942 3394 aperto
958 3336 965 3374 :

178 3406 232 3464 llle
248 3408 353 3465 ducem
368 3409 446 3465 haud
460 3410 568 3466 timidis
583 3412 738 3468 vadentem
753 3412 892 3487 passibus
906 3418 1014 3486 aequct.

217 3501 270 3570 Di,
288 3503 393 3576 quibus
409 3502 562 3578 imperium
578 3513 622 3561 est
637 3505 812 3574 animarum,
828 3504 1010 3580 Umbraequc
1025 3501 1159 3575 silentes,

176 3593 217 3653 Et
233 3593 346 3663 Chaos,
363 3603 392 3651 et
407 3594 603 3672 Phlegethon,
621 3597 686 3654 loce
701 3606 788 3654 nocte
802 3597 935 3655 tacentia
949 3596 1020 3669 late,
1104 3595 1164 3657 266

178 3686 221 3744 Sit
236 3687 305 3744 mihi
320 3687 364 3745 sas
379 3689 479 3746 audita
493 3690 584 3765 loqui,
601 3691 638 3747 sit
652 3691 771 3748 numine
786 3700 886 3749 vestro

176 3780 314 3837 Pandere
329 3801 378 3838 res
393 3782 454 3840 aut
467 3781 549 3841 terra
563 3792 592 3841 et
607 3783 734 3861 caligine
749 3803 874 3843 mersas.

178 3871 264 3930 Ibant
279 3875 397 3932 obscuri
415 3874 481 3934 sold
495 3878 550 3933 sub
565 3885 652 3935 nocte
666 3897 720 3953 per
733 3879 880 3948 umbram,

175 3965 294 4042 Perque
310 3969 411 4025 domos
425 3968 504 4026 Ditis
519 3988 630 4027 vacuas
644 3978 672 4026 et
687 3971 788 4028 inania
802 3990 906 4049 regna.

174 4059 276 4127 Quale
293 4063 501 4138 perincertum
517 4064 615 4121 lunam
634 4065 688 4121 sub
703 4064 771 4121 luce
785 4063 918 4142 maligne
943 4108 947 4113 .
1105 4061 1162 4123 mo

176 4153 232 4213 Est
246 4155 302 4213 iter
315 4156 345 4214 in
359 4155 451 4229 silvis,
468 4157 517 4214 ubi
531 4158 641 4217 ccelum
655 4157 784 4217 condidit
799 4156 907 4218 umbrcl
