2692 5122
492 766 666 818 namus
685 768 756 818 unt
770 770 835 819 VH.

174 904 349 983 Calatfiqus
363 926 479 966 amnem
492 907 617 967 fundens
631 916 715 986 pater
728 909 860 969 Inachus
874 910 960 971 urna

173 999 343 1076 Insequitur
356 1002 471 1059 nimbus
484 1002 624 1079 peditum,
641 1003 835 1081 clypeataque
848 1005 918 1063 totis

173 1094 300 1172 Agmina
314 1092 475 1153 densentur
488 1096 612 1172 campis,
627 1096 801 1173 Argivaque
820 1099 925 1173 pubes,

173 1187 382 1264 Auruncoequa
394 1207 508 1260 manus,
525 1189 641 1260 Rutuli,
658 1197 835 1266 veteresque
850 1191 961 1263 Sicani,

172 1279 210 1339 Et
224 1282 367 1338 Sacranae
382 1281 472 1352 ecies,
488 1289 517 1340 et
531 1282 603 1358 picti
616 1288 702 1340 scuta
712 1281 820 1340 Labici
834 1301 841 1351 ;

174 1371 232 1440 uui
246 1373 351 1444 saltus,
367 1373 520 1446 Tiberine,
535 1383 614 1445 tuos,
629 1392 808 1451 sacrumque
822 1375 944 1434 Numici

173 1464 268 1525 Littus
281 1475 377 1537 arant,
393 1467 582 1544 Rutulosque
597 1476 739 1527 exercent
754 1486 872 1527 vomere
890 1470 994 1541 colles,

174 1557 382 1635 Cimteumque
392 1560 499 1638 jugum
514 1579 521 1629 ;
546 1561 630 1636 queis
642 1561 762 1637 Jupiter
775 1559 918 1620 Anxurus
932 1561 1012 1621 arvis

173 1650 326 1722 Praesidet,
341 1662 371 1710 et
385 1653 471 1710 viridi
484 1652 618 1730 gaudens
632 1652 764 1711 Feronia
776 1654 845 1711 luco
860 1672 869 1723 3

174 1742 242 1811 Qua
256 1747 371 1803 Saturae
381 1746 465 1820 jacet
479 1753 545 1802 stra
559 1747 654 1823 palus,
671 1746 848 1824 gelidusque
863 1766 916 1824 per
929 1746 1004 1806 imae

174 1836 286 1905 Quaerit
301 1839 358 1896 iter
371 1839 464 1896 velles
478 1847 566 1915 atqua
580 1839 610 1897 in
623 1858 705 1898 mare
720 1839 858 1898 conditur
874 1839 977 1899 Ufens.

208 1931 277 1989 Hcs
291 1949 382 2009 super
395 1931 512 1991 advenit
526 1931 640 1991 Volsca
653 1931 689 1990 de
704 1941 793 2011 gente
808 1931 947 2005 Camilla,

173 2025 287 2103 Agmen
303 2044 397 2102 agens
409 2025 552 2102 equitum,
570 2033 600 2083 et
615 2025 754 2083 florentes
769 2044 829 2084 are
842 2035 992 2098 catervas,

173 2114 332 2176 Bellatrix:
355 2138 413 2177 non
427 2119 477 2176 itta
491 2120 558 2177 colo
571 2118 733 2177 calathisve
746 2119 893 2179 Minerva

173 2209 343 2269 Foemineas
357 2220 477 2270 assueta
489 2231 616 2282 manus3
639 2211 692 2269 sed
707 2213 813 2288 prtalia
826 2213 911 2291 virgo

174 2301 258 2362 Dura
272 2303 343 2381 pati,
359 2321 510 2380 cursuque
525 2304 632 2382 pedum
646 2313 827 2382 praevertere
842 2313 954 2367 ventos.

174 2395 227 2455 Ille
240 2396 287 2455 vel
301 2397 420 2454 intectas
434 2397 545 2474 segetis
559 2415 614 2474 per
625 2415 740 2453 summe
755 2398 867 2454 volaret

173 2488 325 2561 Gramina,
341 2508 399 2548 nec
412 2499 533 2547 teneras
546 2509 635 2547 cursu
650 2488 775 2547 lusisset
795 2490 922 2558 aristen

174 2580 228 2642 Vel
241 2602 324 2641 mare
338 2602 392 2661 per
405 2583 543 2654 medium,
560 2582 651 2640 fluctu
666 2600 812 2658 suspensa
825 2582 959 2653 tumenti,

174 2675 277 2736 Ferret
292 2678 358 2748 iter,
375 2678 491 2735 celeres
505 2677 704 2754 contingeret
718 2695 838 2752 aequore
853 2676 978 2752 plantas.

175 2768 257 2829 Illam
271 2771 366 2829 omnis
378 2770 465 2828 tectis
479 2769 619 2847 agrisque
638 2770 734 2826 effusa
743 2769 886 2845 juventus

174 2861 333 2939 Turbaque
348 2864 471 2921 miratur
483 2870 620 2933 matrum,
636 2870 665 2920 et
681 2870 848 2939 prospectet
862 2870 992 2936 euntem,

175 2955 313 3014 Attonitis
327 2956 444 3013 inhians
458 2956 563 3013 animis
577 2974 584 3024 ;
609 2963 638 3013 ut
654 2955 756 3033 regius
769 2963 850 3013 ostro

175 3045 260 3106 Valet
275 3048 370 3106 honos
384 3050 465 3107 leves
478 3049 619 3111 humeros
634 3067 642 3117 ;
667 3057 696 3106 ut
712 3049 804 3106 fibula
818 3048 930 3108 crinem

177 3139 257 3200 Auro
271 3142 448 3200 internectat
460 3162 467 3212 ;
491 3143 616 3220 Lyciam
631 3150 661 3200 ut
675 3150 762 3219 gerat
776 3142 841 3220 ipsa
854 3142 1034 3220 pharetratus,

177 3233 213 3294 Et
226 3236 404 3314 pastoralem
418 3236 542 3315 praefixa
555 3235 677 3314 cuspide
691 3244 828 3312 myrtum.
