2692 5122
215 376 277 457 frib?
499 393 525 439 r.
545 390 709 439 vinorum
730 392 903 448 aaronis

212 531 244 591 Si
258 532 340 590 nulla
354 530 489 589 accendit
503 540 653 589 tantarum
667 531 763 609 gloria
776 552 886 604 rerum,

211 624 278 686 Nec
293 645 383 702 super
397 626 459 702 ipse
475 624 531 682 sud
544 625 662 682 molitur
675 625 763 683 laude
778 626 910 684 laborem
924 643 931 694 ;

210 719 382 778 Ascanione
397 726 482 795 pater
495 719 650 775 Romanas
664 718 774 776 invidet
788 737 874 777 arces
888 718 899 774 t

212 810 292 879 Quid
307 812 392 869 struit
407 811 418 866 ?
439 819 490 868 aut
506 809 566 887 quai
580 831 632 887 spe
646 811 765 868 inimici
778 812 809 869 in
823 820 912 890 gente
926 817 1068 883 moratur,
1136 812 1197 871 285

210 904 240 966 N
242 924 278 963 ec
293 905 404 982 prolem
418 905 581 961 Ausoniam
595 912 624 961 et
638 903 766 962 Lavinia
780 905 899 982 respicit
915 924 987 963 arva
1002 904 1013 961 ἰ

163 1055 169 1068 ,
209 995 340 1075 Naviget
354 1017 362 1067 3
385 997 450 1056 haec
465 1016 579 1054 summa
593 1006 659 1054 est:
682 997 730 1055 hic
744 999 837 1055 nostri
851 999 970 1056 nuntius
984 1005 1087 1112 enoq

249 1091 384 1149 Dixerat.
428 1090 482 1147 Ille
497 1090 595 1147 Patris
609 1092 709 1169 magni
723 1110 829 1168 parere
844 1094 968 1169 parabat

210 1183 359 1262 Imperio:
381 1192 410 1242 et
425 1183 549 1260 primum
564 1185 687 1260 pedibus
702 1185 809 1242 talaria
823 1185 914 1243 nectit

209 1278 324 1348 Aurea,
341 1296 406 1353 quae
421 1276 575 1334 sublimem
591 1278 657 1347 alis,
674 1277 736 1334 sive
752 1296 874 1353 aequora
887 1296 988 1355 supra,
1136 1280 1198 1337 240

211 1374 270 1432 Seu
285 1382 406 1443 terram,
424 1371 526 1448 rapido
542 1373 652 1448 pariter
665 1392 733 1430 cum
748 1373 864 1431 flamine
880 1374 1016 1449 portant?

209 1465 288 1525 Tum
303 1467 416 1543 virgam
431 1466 528 1543 capit:
552 1464 609 1523 bic
625 1467 740 1523 animas
755 1466 803 1523 ille
818 1475 924 1524 evocat
936 1466 1016 1525 Orco

208 1558 371 1628 Pallentes,
388 1559 463 1616 alias
477 1560 532 1616 sub
546 1559 676 1616 Tartara
688 1559 785 1616 tristia
800 1559 885 1617 mittit
901 1578 909 1627 ;

208 1650 272 1710 Dat
287 1671 404 1709 somnos
418 1651 590 1727 adimitque,
607 1659 636 1709 et
650 1651 758 1709 lumina
774 1660 867 1709 morte
881 1652 1036 1730 resignat:

210 1742 269 1804 Illa
282 1744 375 1802 fretus
391 1744 452 1822 agit
467 1754 581 1816 ventos,
598 1753 627 1801 et
641 1744 758 1802 turbida
770 1752 869 1803 tranat
1138 1747 1200 1806 246

209 1838 330 1898 Nubila.
372 1837 501 1913 Jamque
516 1839 620 1894 volans
634 1839 749 1914 apicem
763 1845 796 1921 et
808 1839 902 1896 latera
916 1837 1010 1897 ardua
1023 1839 1119 1898 ceruit

210 1931 339 1991 Atlantis
353 1930 430 2001 duri,
446 1930 555 1989 coelum
571 1931 621 2005 qui
635 1931 748 1989 vertice
763 1931 845 1989 fulcit
857 1949 910 2013 ζ,
974 2005 982 2027 ’γ

142 2069 144 2075 .
210 2025 349 2095 Atlantis,
364 2023 494 2082 cinctum
509 2024 627 2082 assidue
643 2024 692 2082 cui
706 2025 833 2083 nubibus
848 2024 920 2083 atria

209 2116 372 2178 Piniferum
386 2125 475 2195 caput
490 2125 519 2175 et
533 2127 621 2176 vento
635 2120 771 2195 pulsatur
784 2126 813 2175 et
827 2118 912 2175 imbri
926 2136 933 2174 τ

209 2211 270 2271 Nix
284 2213 423 2270 humeros
437 2211 535 2269 infusa
548 2212 621 2290 tegit
637 2231 644 2280 ;
667 2206 865 2270 tumtflumina
877 2218 976 2270 mento
1136 2213 1198 2271 250

208 2303 401 2382 Praecipitant
416 2305 506 2376 senis,
523 2313 552 2363 et
566 2306 664 2383 glacie
676 2305 888 2383 rigetborrida
901 2306 1004 2365 barba.
1124 2313 1128 2319 '

209 2397 272 2456 Hic
288 2399 411 2474 primum
427 2399 547 2474 paribus
561 2399 658 2457 nitens
672 2399 830 2476 Cyllenius
846 2399 902 2456 alis

211 2489 372 2550 Constitit:
396 2490 464 2550 hinc
478 2500 539 2550 toto
554 2512 688 2569 praeceps
703 2513 736 2551 se
750 2512 874 2570 corpore
890 2493 926 2551 ad
941 2492 1036 2551 undas

209 2582 292 2642 Misit
307 2604 314 2653 ;
339 2586 387 2642 avi
401 2585 513 2656 similis,
531 2605 597 2662 quae
612 2587 725 2645 circum
739 2587 848 2657 littora,
865 2586 978 2644 circum

147 2663 152 2674 ’
209 2674 350 2736 Piscosos
364 2679 513 2755 scopulos,
529 2678 647 2736 humilis
661 2681 740 2737 volat
755 2699 877 2755 aequora
892 2680 987 2755 juxta.
1137 2678 1198 2737 255

208 2767 302 2828 Haud
319 2771 405 2828 aliter
419 2779 517 2828 terras
531 2770 607 2829 inter
620 2773 789 2849 coelumque
804 2773 923 2830 volabat
1243 2763 1249 2778 ⁸

209 2859 307 2922 Littus
322 2883 478 2922 arenosum
493 2864 528 2921 ad
544 2865 658 2943 Libyae,
676 2875 839 2942 ventosque
854 2867 978 2924 secabat

208 2954 348 3016 Materno
364 2958 485 3016 veniens
500 2960 537 3016 ab
553 2978 608 3016 avo
623 2959 762 3036 Cyllenia
780 2960 888 3036 proles.
898 2990 919 3033 ι,ι

248 3049 288 3109 Ut
304 3052 427 3129 primum
443 3052 529 3110 alatis
543 3053 640 3131 tetigit
654 3053 783 3131 magalia
803 3053 920 3130 plantis,

209 3142 333 3204 AEnean
349 3145 519 3204 fundantem
534 3166 620 3204 arces
635 3166 671 3205 ac
685 3155 764 3205 tecta
778 3155 936 3204 novantem
1138 3147 1198 3206 260

210 3235 385 3314 Conspicit3
410 3248 498 3315 atque
513 3239 555 3297 illi
570 3240 703 3298 stellatus
717 3240 831 3317 iaspide
845 3239 927 3298 fulvii

208 3327 300 3387 Ensis
314 3338 389 3400 erat,
405 3330 557 3406 Tyrioque
573 3332 695 3389 ardebat
710 3334 821 3390 murice
834 3333 912 3391 laena

209 3420 350 3479 Demissa
364 3440 400 3479 ex
415 3422 545 3479 humeris
559 3443 566 3491 ;
591 3423 673 3481 dives
688 3444 754 3499 quie
769 3444 894 3483 munera
906 3424 986 3484 Dido

209 3513 350 3586 Fecerat,
368 3524 397 3573 et
410 3517 491 3574 tenui
506 3517 583 3575 telas
597 3517 779 3576 discreverat
798 3539 879 3578 auro.

210 3607 361 3668 Continud
377 3609 507 3668 invadit:
530 3609 578 3669 Tu
593 3631 672 3669 nunc
687 3612 881 3690 Carthaginis
896 3613 964 3672 altae
1135 3614 1198 3670 265

209 3700 416 3761 Fundamenta
431 3705 524 3775 locas,
542 3706 755 3782 pulchramque
769 3707 890 3764 uxorius
906 3708 1009 3765 urbem
1208 3714 1213 3721 '

209 3791 374 3854 Exstruis?
395 3797 453 3855 heu
468 3801 474 3855 !
495 3799 581 3877 regui
595 3818 754 3875 rerumque
769 3800 858 3857 oblite
872 3801 1012 3858 tuarum!

160 3955 163 3958 ¹
210 3885 280 3965 Ipse
294 3887 381 3946 defim
395 3891 447 3948 tibi
461 3910 508 3948 me
522 3893 605 3950 claro
619 3893 743 3950 demittit
760 3893 887 3970 Olympo

208 3981 376 4059 Regnator,
393 3984 502 4042 eoelum
516 3995 545 4042 et
559 3994 655 4044 terras
671 3987 720 4063 qui
735 3987 853 4043 numine
867 3993 987 4062 torquet
1001 4005 1009 4055 3

209 4072 279 4152 lpse
293 4075 358 4133 haec
373 4077 450 4134 serre
467 4077 551 4152 jubet
566 4080 682 4137 celares
696 4080 835 4137 mandata
850 4100 902 4156 per
916 4096 1026 4137 auras:
1053 4108 1060 4120 ·
1138 4078 1201 4138 2⁷0

209 4167 292 4236 Quid
305 4169 394 4227 struis
408 4169 419 4226 ἰ
440 4179 490 4229 aut
506 4170 566 4247 qud
579 4192 631 4250 spe
645 4172 768 4248 Libycis
782 4172 854 4230 teris
868 4174 929 4231 otia
942 4172 1032 4230 terris
1047 4170 1059 4228 l
