2692 5122
507 784 683 833 AENElDOS
703 785 774 833 ΜΒ.
790 784 836 831 Vl.

178 922 241 994 Ille,
256 942 357 982 meum
372 923 528 981 comitatus
543 923 609 994 iter,
626 924 720 982 maria
733 924 833 982 omnia
846 942 975 997 mecum,
993 992 994 996 η

175 1016 275 1093 Atque
291 1035 395 1074 omnes
410 1017 568 1094 pelagique
582 1018 678 1075 minas
692 1018 822 1093 coelique
837 1017 952 1076 serebat

176 1110 339 1182 Invalidus,
355 1111 434 1168 vires
448 1112 527 1169 ultra
540 1121 710 1188 sortemque
725 1120 865 1170 senectae.

177 1202 267 1275 Quin,
284 1213 316 1263 ut
330 1212 360 1261 te
374 1205 498 1281 supplex
513 1213 655 1281 peterem,
672 1212 702 1262 et
715 1211 768 1262 tua
780 1204 883 1263 limina
897 1205 1021 1277 adirem,
1107 1206 1161 1267 115

176 1296 258 1357 Idem
272 1317 363 1355 orans
376 1297 515 1355 mandata
530 1297 629 1356 dabat.
672 1296 804 1374 Natique
819 1299 982 1375 patrisque,

176 1390 273 1461 Alma,
291 1409 408 1467 precor,
422 1390 585 1449 miserere:
608 1399 693 1468 potes
706 1410 834 1467 namque
848 1391 948 1450 omnia
963 1411 971 1462 ;
995 1410 1052 1452 nec
1064 1399 1096 1451 te

154 1521 161 1535 ·
175 1483 385 1560 Nequidquam
401 1484 478 1542 lucis
491 1484 611 1543 Hecate
626 1484 759 1561 praelecit
774 1485 911 1544 Auernis.

177 1577 206 1635 Si
220 1576 315 1654 potuit
328 1576 438 1634 Manes
452 1596 608 1636 arcessere
623 1579 760 1655 conjugis
773 1578 924 1655 Orpheus,

175 1669 320 1730 Threicii
339 1670 433 1728 fretus
448 1670 564 1730 cithari
578 1671 746 1748 fidibusque
761 1673 880 1730 canoris
894 1691 902 1741 ;
1107 1672 1162 1729 100

177 1764 207 1822 Si
224 1763 346 1822 fratrem
359 1764 466 1822 Pollux
482 1764 600 1823 alterni
613 1775 706 1823 morte
720 1765 855 1836 redemit,

176 1855 261 1933 Itque
275 1857 412 1933 reditque
428 1858 507 1916 viam
520 1859 617 1917 toties.
661 1858 740 1925 Quid
754 1858 887 1929 Thesea,
903 1876 1044 1936 maguum

177 1949 257 2018 Quid
269 1970 431 2009 memorem
445 1951 595 2009 Alciden?
616 1960 646 2009 et
660 1951 700 2010 mi
715 1970 811 2029 genus
825 1953 863 2009 ab
876 1951 954 2009 Jove
968 1969 1091 2011 summo.

214 2044 341 2102 Talibus
356 2047 460 2102 orabat
474 2045 570 2116 dictis,
587 2064 715 2121 arasque
729 2047 850 2103 tenebat
863 2064 872 2114 ;

176 2136 275 2205 Quum
290 2139 334 2196 sic
349 2158 419 2196 orsa
432 2139 512 2214 loqui
526 2147 630 2197 vates:
654 2140 723 2196 Sate
737 2138 883 2216 sanguine
899 2136 1012 2210 diutim,
1107 2138 1161 2197 105

176 2229 253 2289 Tros
266 2231 461 2301 Anchisiade,
480 2232 576 2290 facilis
591 2231 754 2290 descensus
767 2233 889 2290 Averno
905 2251 914 2301 ;

176 2323 289 2382 Noctes
303 2334 394 2400 atque
409 2325 472 2382 dies
486 2334 566 2400 patet
581 2324 638 2382 atri
655 2324 749 2400 janua
761 2324 861 2383 Ditis:

178 2415 237 2476 Sed
249 2437 394 2476 revocare
409 2417 545 2495 gradum,
560 2435 746 2493 superasque
760 2417 888 2474 evadere
904 2416 941 2475 ad
956 2435 1057 2489 auras,

175 2509 246 2570 Hoc
260 2531 344 2588 opus,
362 2511 410 2568 bic
425 2512 509 2567 labor
522 2519 577 2569 est.
619 2510 725 2580 Pauci,
743 2530 818 2585 quos
832 2529 935 2585 aequus
950 2509 1060 2570 amavit

175 2603 302 2681 Jupiter,
320 2614 371 2662 aut
386 2604 494 2661 ardens
508 2604 606 2661 evexit
621 2603 659 2660 ad
674 2602 786 2662 aethera
800 2603 904 2675 virtus,
1107 2605 1162 2663 130

176 2697 233 2756 Dis
247 2699 350 2776 geniti,
366 2696 499 2775 potuere.
542 2696 661 2754 Tenent
675 2696 992 2769 mediaomniasilvae,
1172 2701 1176 2708 ’

177 2789 370 2867 Cocytusque
384 2791 450 2847 sinu
466 2790 571 2848 labens
585 2791 780 2849 circumvenit
795 2799 869 2848 atro.

177 2883 264 2952 Quod
279 2885 304 2942 si
319 2893 418 2943 tantus
432 2903 515 2942 amor
529 2885 629 2954 menti,
645 2885 670 2942 si
685 2892 767 2942 tanta
781 2883 888 2960 cupido
903 2891 949 2942 est

176 2976 227 3035 Bia
241 2979 361 3056 Stygios
375 2978 478 3035 innare
494 2979 587 3049 lacus,
605 2979 650 3036 bis
670 2978 756 3055 nigra
770 2977 871 3036 videre

175 3070 314 3143 Tartara,
331 3081 359 3130 et
375 3073 479 3132 insano
495 3073 581 3149 juvat
600 3074 753 3151 indulgere
769 3073 874 3144 labori,
1106 3072 1160 3130 leo

176 3165 300 3241 Accipe,
319 3185 384 3241 quae
400 3167 571 3244 peragenda
586 3167 676 3243 prilrs.
718 3166 807 3224 Latet
822 3167 930 3223 arbore
944 3163 1042 3242 opaci

177 3256 297 3316 Aureus
311 3268 341 3316 et
355 3259 432 3316 soliis
446 3272 474 3317 et
490 3261 569 3316 lento
585 3260 691 3317 vimine
705 3279 816 3329 ramus,

177 3350 287 3408 Junoni
300 3351 422 3410 inferum
437 3353 534 3410 dictus
548 3371 655 3410 sacer:
678 3353 757 3410 huuc
772 3352 846 3429 tegit
860 3350 955 3408 omnis

177 3441 289 3514 Lucus,
306 3452 336 3501 et
350 3446 486 3503 obscuris
502 3444 642 3503 claudunt
656 3445 841 3502 convallibus
856 3444 977 3502 umbrae.

177 3537 235 3596 Sed
249 3557 307 3595 non
323 3537 390 3595 ante
407 3538 495 3594 datur
507 3538 623 3594 telluris
637 3546 742 3613 operta
755 3536 867 3606 subire,
1108 3537 1162 3592 140

177 3629 354 3689 Auricomos
370 3630 457 3707 quim
473 3632 539 3706 quis
553 3630 735 3706 decerpserit
755 3631 862 3686 arbore
877 3628 976 3688 foetus.

178 3723 245 3784 Hoc
261 3726 317 3783 sibi
333 3727 457 3803 pulchra
470 3745 556 3783 suum
570 3724 642 3782 ferri
655 3724 837 3801 Proserpina
849 3742 956 3781 munus

179 3815 314 3877 Instituit.
357 3820 457 3876 Primo
475 3820 588 3890 avulso,
604 3837 663 3876 nou
677 3818 776 3876 deficit
791 3819 868 3875 alter

177 3913 296 3969 Aureus
311 3931 318 3980 ;
343 3922 371 3970 et
386 3913 474 3970 simili
488 3912 649 3970 frondescit
664 3913 749 3989 virga
763 3912 893 3970 metallo.

178 4003 260 4083 llrgo
275 4005 333 4063 alte
349 4007 465 4084 vestiga
478 4008 583 4078 oculis,
599 4019 628 4065 et
645 4005 701 4064 rite
716 4015 867 4082 repertum
1108 4004 1161 4061 145

179 4095 279 4176 Carpe
294 4117 404 4157 manu:
427 4119 555 4175 namque
571 4101 633 4177 ipse
648 4099 751 4158 volens
765 4099 921 4175 facilisque
935 4103 1088 4175 sequetur,

179 4191 209 4249 Si
221 4199 251 4249 te
267 4192 327 4250 satu
341 4201 448 4250 vocant
465 4212 473 4263 ;
497 4193 593 4264 aliter,
609 4213 668 4250 non
682 4193 795 4251 viribus
810 4192 878 4250 ullis

178 4284 319 4359 Vincere,
337 4308 393 4347 uec
408 4289 482 4347 duro
496 4290 608 4367 poteris
622 4289 790 4348 convellere
806 4289 894 4348 ferro.

178 4377 330 4440 Praeterea
347 4383 430 4457 jacet
444 4383 612 4441 exanimum
626 4382 679 4440 tibi
693 4402 801 4461 corpus
816 4383 915 4453 amici,

181 4474 262 4550 (Heu
279 4478 379 4535 nescis
393 4478 416 4555 l)
436 4488 588 4556 totamque
603 4479 729 4537 incestat
744 4479 848 4536 sunere
864 4479 1002 4549 classem,
1106 4479 1162 4537 150

178 4567 256 4629 Dum
272 4571 409 4630 consulta
429 4573 516 4650 petis,
531 4581 694 4648 nostroque
708 4573 739 4630 in
752 4572 852 4630 limine
867 4571 989 4649 pendes.
