2692 5122
183 396 244 455 ³32
468 388 495 434 r.
517 387 684 434 vinoun
707 386 880 435 ussoms

183 529 352 607 Vestigavit
368 547 451 605 apes,
467 527 606 604 fumoque
621 527 751 604 implavit
766 546 868 585 amaro
884 545 892 594 ;

184 624 247 682 lllae
263 625 341 682 intus
354 622 476 699 trepidas
492 640 592 679 rerum
606 641 659 698 per
673 640 763 679 cerea
777 629 877 678 castra

182 717 376 787 Discurrunt,
393 716 568 793 magnisque
583 722 695 772 acuunt
709 713 884 771 stridoribus
897 712 958 770 iras
971 730 980 782 ;
1114 714 1177 773 590

183 810 322 868 Volvitur
336 820 402 867 ater
415 810 488 868 odor
502 809 600 879 tectis,
616 818 678 866 tum
693 827 842 866 murmure
856 826 939 865 caeco

184 904 268 962 Intus
283 923 354 961 saxa
369 915 476 961 sonant
492 923 500 972 3
525 922 638 960 vacuas
652 903 673 959 it
688 902 786 959 fumus
800 901 838 959 ad
853 919 953 959 auras.

222 998 340 1056 Accidit
354 997 419 1055 base
434 998 521 1055 fessis
534 997 624 1054 etiam
638 997 757 1054 fortuna
774 994 901 1065 Latinis,

183 1091 261 1159 Quae
275 1101 367 1149 totam
381 1092 463 1149 luetu
478 1091 629 1148 concussit
644 1089 776 1147 funditus
791 1090 904 1146 urbem.

181 1185 313 1263 Regina,
331 1193 361 1242 ut
376 1185 464 1243 tectis
478 1185 644 1242 venientem
659 1183 799 1260 prospicit
814 1182 938 1252 hostem,
1111 1183 1176 1243 596

182 1278 298 1337 Incessi
313 1299 423 1350 muros,
441 1280 526 1357 ignes
540 1279 577 1336 ad
591 1286 673 1336 tecta
687 1277 787 1335 volare
804 1296 812 1344 3

182 1373 340 1450 Nusquam
354 1374 437 1430 acies
451 1373 557 1430 contri
571 1373 711 1442 Rutulas,
728 1370 809 1428 nulla
824 1370 945 1448 agmina
956 1369 1072 1429 Turni:

183 1463 291 1524 Infelix
306 1487 414 1545 pugnae
423 1467 565 1542 juvenem
579 1466 609 1523 in
624 1465 785 1523 certamine
801 1465 896 1522 credit

182 1559 370 1617 Exstinctum
387 1579 394 1629 ;
419 1568 458 1630 et,
475 1560 572 1616 subito
588 1568 716 1616 mentem
731 1561 850 1616 turbata
865 1558 979 1629 dolore,

183 1652 223 1710 Se
237 1672 359 1709 causam
374 1653 493 1723 clamat,
510 1652 693 1727 crimenque,
711 1662 860 1728 caputque
875 1653 1020 1711 malorum
1036 1671 1045 1722 ;
1111 1654 1174 1712 6oe

181 1744 339 1822 Multaque
353 1766 406 1823 per
420 1755 558 1804 moestum
570 1746 692 1803 demens
707 1746 798 1803 effata
812 1747 952 1818 furorem,

181 1838 353 1916 Purpureos
366 1840 510 1897 moritura
524 1859 612 1896 manu
627 1839 765 1897 discindit
780 1840 916 1910 amictus,

181 1932 222 1990 Et
237 1933 345 1991 nodum
360 1934 492 1991 informis
507 1933 558 1990 leti
572 1936 657 1991 trabe
672 1933 763 1990 nectit
778 1935 816 1989 ab
833 1933 903 1991 altri.
1004 1958 1009 1968 ·

183 2027 283 2094 Quam
297 2028 412 2085 cladem
425 2028 542 2085 miserie
557 2037 712 2104 postquam
728 2024 873 2103 accepire
887 2026 1015 2100 Latinse,

181 2120 260 2179 Filia
275 2122 368 2199 prima
384 2142 470 2180 manu
486 2122 579 2179 flavos
593 2121 721 2180 Lavinia
735 2122 834 2179 crinas
1111 2123 1172 2181 606

180 2214 221 2272 Et
235 2235 339 2273 roseas
353 2216 464 2273 laniata
478 2234 573 2293 genus
587 2234 594 2284 ;
619 2222 681 2272 tum
694 2224 805 2273 caetera
819 2213 933 2272 circum

181 2307 286 2365 Turba
300 2309 368 2366 furit
384 2328 391 2364 ι
413 2318 555 2366 resonant
569 2308 629 2366 latd
644 2309 836 2386 plangoribus
851 2308 939 2367 aedes.

181 2400 264 2458 Hinc
278 2411 368 2459 totam
384 2402 485 2459 infelix
498 2403 639 2478 vulgatur
653 2402 731 2459 fama
746 2422 799 2479 per
817 2404 930 2461 urbem.

180 2493 347 2552 Demittunt
362 2504 496 2552 mentes:
520 2495 540 2552 it
555 2494 652 2552 scissi
665 2505 748 2553 veste
761 2495 899 2565 Latinus,

181 2585 327 2664 Conjugis
343 2588 484 2645 attonitus
498 2588 576 2659 fatis,
593 2588 734 2663 urbisque
755 2587 850 2658 ruini,
1111 2591 1171 2648 610

182 2679 331 2739 Canitiem
346 2681 494 2738 immundo
509 2681 658 2758 perfusam
674 2683 794 2758 pulvere
809 2691 955 2758 turpaus3

183 2773 353 2851 [Multaque
367 2794 400 2832 se
416 2775 542 2845 incusat,
561 2776 610 2851 qui
625 2795 683 2832 non
698 2776 848 2851 acceperit
863 2775 932 2833 ante

180 2866 367 2926 Dardanium
380 2869 515 2939 AEnean,
532 2887 735 2946 generumque
751 2869 909 2926 adsciverit
923 2868 1027 2947 ultro]

220 2962 341 3020 Interea
355 2973 488 3020 extremo
503 2964 630 3021 bellator
642 2964 672 3021 in
686 2983 806 3039 aequore
821 2964 943 3021 Turnus

179 3054 322 3114 Palantes
336 3056 471 3133 sequitur
485 3075 607 3134 paucos,
622 3057 685 3132 jam
699 3057 830 3134 segnior,
847 3066 936 3133 atque
1108 3058 1170 3116 616

179 3148 248 3207 Jam
263 3151 358 3207 miniis
372 3159 462 3226 atque
477 3150 573 3208 miniis
587 3168 729 3207 successu
744 3149 830 3207 laetus
844 3169 999 3226 equorum.

179 3241 287 3300 Attulit
302 3243 382 3300 hunc
396 3244 438 3301 illi
452 3245 543 3302 coecis
556 3244 721 3301 terroribus
736 3263 810 3300 aura

180 3333 379 3393 Commixtum
393 3337 565 3407 clamorem,
582 3346 777 3411 arrectasque
792 3337 905 3414 impulit
920 3356 1010 3397 aurea

180 3426 322 3485 Confusa
337 3449 427 3486 sonus
442 3430 534 3500 urbis,
555 3439 585 3487 et
599 3430 749 3488 illaetabile
764 3450 905 3490 murmur.

178 3520 242 3579 Hei
256 3520 326 3579 mihi
340 3525 346 3579 !
369 3523 438 3598 quid
452 3532 534 3582 tanto
548 3526 706 3582 turbantur
719 3527 829 3584 moenia
843 3525 950 3584 luctu?
1107 3526 1168 3585 620

179 3614 294 3681 Quisve
309 3616 366 3672 ruit
380 3624 481 3674 tantus
495 3617 615 3676 diversi
628 3620 741 3677 clamor
755 3622 792 3677 ab
807 3621 880 3677 urbe
896 3619 906 3675 ?

179 3708 228 3764 Sic
243 3709 294 3778 ait,
312 3708 507 3785 adductisque
522 3731 623 3769 amens
638 3713 771 3770 subsistit
786 3713 921 3772 habenis.

177 3801 277 3875 Atque
292 3801 371 3872 huic,
388 3803 417 3860 in
432 3802 539 3862 faciem
553 3825 637 3863 soror
652 3813 682 3864 ut
696 3826 842 3865 conversa
855 3807 976 3865 Metisci

176 3891 313 3970 Aurigae,
330 3915 510 3972 currumque
525 3907 554 3955 et
569 3917 662 3973 equos
676 3909 705 3957 et
720 3901 785 3957 lora
799 3902 934 3977 regebat,

176 3984 302 4043 Talibus
316 3989 448 4048 occurrit
461 3989 566 4048 dictis:
609 3992 691 4063 Hac,
707 3993 821 4063 Turne,
838 4013 1001 4068 sequamur
1107 3996 1166 4054 626

176 4078 376 4157 Trojugenas,
394 4081 454 4158 qud
469 4083 654 4161 primariam
668 4085 805 4144 Victoria
819 4086 920 4162 pandit
934 4106 941 4155 ;

177 4173 251 4233 Sunt
266 4176 326 4246 alii,
342 4177 391 4254 qui
406 4186 488 4237 tecta
499 4197 588 4237 manu
602 4179 761 4239 defendere
776 4180 897 4258 possint.
