2692 5122
487 727 686 779 nuconrcs
714 730 793 778 scn
808 729 845 778 rr.
888 694 895 716 ⁶
1130 741 1162 802 η

174 864 233 926 Est
246 865 317 925 mihi
330 865 499 944 disparibus
513 877 628 946 septem
642 878 798 948 compacta
812 870 919 929 cicutis

176 958 303 1032 Fistula,
319 960 479 1047 Damoetas
493 962 571 1020 dono
583 963 653 1021 mihi
668 983 758 1039 quam
771 963 850 1022 dedit
865 963 945 1035 olim,

176 1051 218 1112 Et
231 1053 303 1112 dixit
316 1053 465 1113 moriens:
490 1060 511 1088 “
520 1055 567 1114 Te
581 1075 660 1114 nunc
673 1056 763 1115 habet
777 1057 834 1115 ista
847 1055 1046 1116 secundum.”

175 1145 261 1205 Dixit
273 1146 432 1206 Damoetas
445 1167 453 1218 3
479 1149 580 1207 invidit
593 1150 702 1208 stultus
714 1151 870 1226 Amyntas.

175 1237 330 1299 Praeterea
341 1240 411 1314 duo,
428 1260 485 1300 nec
499 1244 563 1301 tntu
577 1243 647 1301 mihi
662 1243 739 1301 valle
753 1243 874 1320 reperti,
998 1246 1003 1268 ¹

177 1331 330 1411 capreoli,
345 1335 459 1412 sparsis
474 1335 564 1394 etiam
577 1355 657 1394 nunc
672 1336 799 1414 pellibus
813 1336 891 1409 albo,

175 1424 253 1486 Bina
266 1427 314 1485 die
329 1428 445 1487 siccant
459 1428 523 1488 ovis
537 1432 632 1489 ubera
646 1449 654 1500 ;
679 1449 755 1506 quos
768 1430 822 1488 tibi
836 1448 935 1488 servo.

176 1520 245 1580 Jarn
259 1520 374 1597 pridem
387 1541 406 1579 a
419 1541 466 1580 me
482 1523 548 1581 illos
562 1523 713 1582 abducere
726 1522 881 1600 Thestylis
895 1529 960 1581 orat
973 1540 982 1592 ;

175 1613 216 1672 Et
230 1614 330 1686 saciet,
347 1616 488 1691 quoniam
502 1617 622 1675 sordent
636 1616 690 1674 tibi
701 1635 825 1674 munera
840 1623 951 1674 nostra.

217 1707 290 1766 Huc
303 1706 387 1780 ades,
403 1710 563 1767 oformose
577 1711 669 1787 puer!
691 1710 744 1767 tibi
758 1709 819 1767 lilia
834 1708 929 1785 plenis
1125 1707 1165 1767 to

176 1801 260 1860 Ecce
273 1800 372 1860 serunt
385 1801 415 1860 N
416 1803 533 1880 ymphae
548 1803 674 1861 calathis
687 1822 695 1873 ;
719 1802 772 1860 tibi
787 1801 916 1859 candida
930 1800 1017 1874 Nais,

176 1893 328 1953 Pallentes
340 1895 435 1954 riolas
448 1905 477 1954 et
492 1914 607 1955 summe
622 1915 773 1974 papavera
785 1914 925 1973 carpens,

176 1987 353 2047 Narcissum
367 1996 397 2047 et
410 1988 514 2048 florem
523 1987 621 2068 jungit
636 1991 712 2048 bene
727 1989 835 2048 olentis
849 1988 951 2047 anethi
964 2007 972 2058 ς

175 2080 264 2153 Tum,
280 2080 366 2141 casiri
379 2089 470 2158 atque
485 2083 551 2141 aliis
564 2084 700 2141 intexens
714 2083 857 2141 suavibus
871 2081 982 2154 herbis,

175 2170 280 2233 Mollia
293 2174 406 2234 luteold
420 2176 513 2255 pingit
528 2176 663 2235 vaccinia
677 2174 788 2234 calthd.
1013 2215 1014 2218 ,
1124 2174 1165 2234 50

177 2267 245 2345 Ipse
259 2288 317 2347 ego
331 2288 409 2327 cana
422 2269 521 2347 legam
533 2268 640 2328 teneri
652 2270 794 2346 lanugine
808 2269 898 2340 mala,

177 2359 405 2440 Castaneasque
420 2383 525 2433 nuces,
541 2382 608 2421 mea
623 2383 697 2439 quas
711 2364 874 2439 Amaryllis
889 2364 1007 2421 amabat
1022 2380 1030 2419 ε

176 2455 292 2515 Addam
305 2476 397 2515 cerea
411 2475 508 2534 pruna
523 2475 530 2524 ;
554 2455 648 2512 honos
663 2455 718 2512 erit
732 2454 802 2512 huic
818 2474 935 2531 quoque
950 2472 1055 2531 pomo:

176 2547 216 2606 Et
230 2569 294 2621 vos,
311 2570 329 2607 o
343 2550 431 2620 lauri,
448 2567 582 2625 carpam,
599 2557 629 2605 ct
642 2556 685 2618 te,
703 2547 836 2625 proxima
849 2555 944 2623 myrta
960 2565 967 2604 ε

178 2642 226 2700 Sic
241 2643 343 2721 positos
359 2643 498 2719 quoniam
512 2660 622 2700 suaves
636 2641 768 2699 miscetis
782 2641 898 2698 odores.
1124 2641 1164 2700 55

214 2735 360 2794 Rusticus
374 2755 418 2806 es,
435 2735 588 2812 Corydon,
605 2754 662 2793 nec
676 2753 801 2792 munera
817 2740 902 2792 curat
915 2733 1019 2793 Alexis
1032 2753 1041 2805 ;

176 2827 253 2899 Nec,
270 2830 296 2888 si
309 2829 481 2887 muneribus
496 2837 604 2899 certes,
618 2828 764 2886 concedat
779 2828 868 2887 Iolas.

176 2921 248 2980 Heu
262 2925 269 2979 l
291 2923 350 2980 heu
367 2926 373 2980 !
396 2922 465 2999 quid
479 2923 559 2980 volui
572 2923 681 2980 misero
696 2923 767 2980 mihi
783 2922 794 2978 ἓ
816 2922 939 2981 floribus
952 2925 1109 2995 Austrum,

175 3011 324 3087 Perditus,
341 3024 371 3074 et
384 3016 502 3092 liquidis
516 3016 622 3073 immisi
637 3016 767 3074 sontibus
781 3034 879 3093 apros.

177 3107 276 3176 erem
289 3110 369 3188 sugis
383 3110 393 3166 ἓ
415 3111 453 3167 ah
467 3110 606 3167 demens!
628 3108 799 3168 habitdrunt
813 3108 843 3167 di
858 3129 977 3186 quoque
991 3110 1092 3181 silvas,
1124 3111 1164 3169 60

175 3200 408 3280 Dardaniusque
422 3204 518 3261 Paris.
560 3203 672 3273 Pallas,
690 3223 765 3279 quas
780 3204 920 3274 condidit,
937 3222 1025 3262 arces

176 3292 246 3372 lpsa
261 3297 339 3356 colat
354 3316 361 3353 :
385 3298 469 3355 nobis
485 3297 622 3372 placeant
636 3305 704 3353 ante
720 3297 819 3353 omnia
832 3297 925 3355 silvae.

175 3392 278 3451 Torva
290 3392 387 3449 lemna
400 3391 499 3466 lupum
514 3389 649 3463 sequitur
664 3407 672 3456 ;
696 3388 783 3465 lupus
798 3390 861 3464 ipse
875 3389 1042 3466 capellam3

176 3483 347 3543 Florentem
361 3472 488 3560 cytisum
503 3481 639 3556 sequitur
657 3481 770 3538 lasciva
784 3482 902 3557 capella
916 3500 924 3549 ;

175 3577 222 3635 Tc
237 3577 390 3654 Corydon,
407 3597 424 3633 o
439 3574 527 3632 Alexi
543 3593 550 3629 z
572 3574 661 3631 trahit
676 3593 731 3631 sua
746 3593 893 3649 quemque
908 3575 1053 3653 voluptas.
1123 3578 1163 3637 66

175 3670 318 3748 Adspice,
335 3679 434 3728 aratra
443 3669 517 3746 jugo
532 3668 664 3726 referunt
678 3688 822 3744 suspensa
833 3669 967 3744 juvenci,

176 3763 216 3821 Et
230 3764 273 3821 sol
288 3747 461 3821 crescentes
473 3761 621 3819 decedens
636 3760 765 3837 duplicat
781 3765 900 3821 umbras
917 3783 924 3832 ;

175 3855 227 3914 Me
240 3865 339 3914 tamen
355 3856 413 3913 urit
428 3873 529 3913 amor:
554 3855 619 3929 quis
634 3855 711 3911 enim
726 3855 829 3912 modus
845 3856 920 3913 adsit
935 3857 1026 3914 amori
1041 3857 1051 3913 l

214 3951 262 4008 Ah
277 3953 284 4006 !
306 3948 460 4026 Corydon,
477 3947 630 4024 Corydon,
647 3967 713 4022 qum
728 3956 757 4004 te
772 3949 921 4008 dementia
935 3951 1033 4028 cepit!

177 4043 361 4120 Semiputata
373 4043 426 4100 tibi
440 4040 577 4099 frondosi
592 4041 659 4097 vitis
673 4041 703 4098 in
718 4041 797 4098 ulmo
811 4051 856 4099 est
870 4061 876 4100 :
1123 4045 1163 4102 70

177 4135 257 4203 Quin
271 4146 303 4194 tu
319 4136 428 4211 aliquid
442 4136 545 4193 saltem
561 4134 669 4211 potius,
686 4155 812 4210 quornm
833 4135 945 4215 indiget
959 4157 1042 4210 usus,

176 4227 345 4286 Viminibus
358 4229 498 4304 mollique
512 4247 601 4306 paras
616 4228 756 4286 detexere
767 4229 885 4304 junco?

176 4319 316 4381 Invenies
330 4323 430 4394 alium,
446 4323 471 4381 si
483 4331 514 4382 te
528 4323 576 4381 hic
590 4323 711 4394 fastidit,
726 4324 845 4384 Alexin.
