2692 5122
1244 353 1249 361 x

508 770 683 818 AENElDOS
703 770 773 818 ma
787 771 851 820 ΧΗ.

178 904 295 985 Ingruit
311 905 426 965 AEncas
440 906 535 980 Italis,
551 917 581 968 et
596 911 701 986 proelia
714 912 818 970 miscet
833 930 840 968 :

176 999 217 1059 Et
227 1021 282 1059 nos
297 1019 377 1059 saeva
390 1020 479 1060 manu
490 1003 640 1062 mittamus
654 1004 759 1062 funera
772 1005 910 1063 Teucris.

177 1094 245 1153 Nec
259 1114 383 1153 numero
397 1095 529 1168 inferior,
546 1094 653 1174 pugnos
667 1117 723 1156 nec
738 1098 860 1170 honore,
876 1097 1009 1156 recedes.
1107 1100 1167 1159 600

177 1187 352 1246 Turnusad
369 1189 454 1248 lraec:

216 1281 245 1340 O
257 1302 353 1354 soror,
370 1292 399 1340 et
413 1283 523 1342 dudum
538 1284 656 1362 agnovi,
674 1304 764 1362 quum
779 1286 871 1362 prima
885 1305 939 1363 per
953 1293 1047 1343 artem

159 1374 310 1438 .Foedera
323 1375 460 1447 turbasti,
477 1385 567 1453 teque
581 1378 646 1437 baec
661 1379 690 1437 in
706 1380 785 1437 bella
799 1379 905 1437 dedisti
919 1398 926 1436 :

178 1468 217 1527 Et
231 1472 311 1528 nunc
325 1470 526 1546 nequidquam
541 1471 629 1543 fallis,
647 1472 712 1530 dea.
757 1472 816 1530 Sed
831 1474 897 1548 quis
911 1472 1039 1551 Olympo
1061 1488 1064 1492 ·

178 1562 348 1621 Demissam
362 1572 460 1649 tantos
475 1566 566 1623 voluit
579 1574 609 1622 te
624 1565 702 1623 serre
717 1567 862 1624 labores?
1107 1570 1166 1626 636
1233 1614 1238 1628 .

177 1659 225 1718 An
238 1659 338 1717 fratris
352 1660 453 1718 miseri
467 1661 559 1718 letum
574 1670 604 1718 ut
619 1661 740 1719 crudele
756 1663 874 1720 videres
888 1661 899 1717 ἒ

176 1748 255 1811 Nam
270 1752 340 1829 quid
355 1773 413 1831 ago
429 1753 440 1808 i
463 1761 512 1811 aut
528 1774 594 1830 quae
611 1756 673 1830 jam
687 1754 811 1832 spondet
826 1755 960 1814 Fortuna
973 1755 1118 1815 salutem?

177 1844 247 1904 Vidi
259 1846 363 1904 oculos
378 1854 447 1904 aute
462 1847 525 1925 ipse
539 1867 631 1918 meos,
648 1868 694 1905 me
709 1868 783 1906 voce
799 1859 965 1921 vocantem,

175 1938 364 2012 Murranum,
382 1961 440 2017 quo
454 1961 512 1999 nou
526 1950 647 2018 superat
661 1942 731 2000 mihi
745 1943 844 2000 carior
858 1944 945 2014 alter,

175 2031 338 2111 Oppotere,
353 2034 513 2111 ingentem,
530 2044 619 2112 atque
634 2036 747 2113 ingenti
762 2036 884 2093 vulnere
904 2037 1022 2096 victum.
1106 2039 1173 2097 640-

175 2125 295 2186 Occidit
310 2127 420 2199 infelix,
436 2147 473 2185 ne
488 2138 622 2186 nostrum
635 2128 767 2186 dedecus
780 2129 874 2188 Ufens

174 2219 353 2297 Adspiceret
370 2240 377 2289 ;
401 2221 513 2279 Teucri
528 2223 678 2298 potiuntur
691 2242 816 2299 corpore
831 2231 861 2280 et
875 2224 975 2284 armis.

174 2313 357 2372 Exscindine
372 2314 485 2386 domos,
501 2315 544 2390 (id
558 2317 648 2372 rebus
662 2315 754 2373 desuit
769 2318 886 2393 unum,)

174 2406 331 2484 Perpetiar
345 2407 356 2463 i
378 2408 484 2465 dextra
496 2428 553 2466 nec
567 2408 699 2466 Drancis
713 2408 793 2465 dicta
808 2409 941 2466 refellam
956 2409 966 2465 l

174 2499 280 2577 Terga
293 2499 369 2557 dabo
384 2500 394 2555 ?
416 2509 446 2557 et
460 2500 595 2557 Turnum
607 2489 769 2577 fugientem
782 2501 847 2558 haec
861 2510 943 2558 terra
958 2500 1090 2560 videbit?
1105 2504 1165 2561 64⁵

175 2592 278 2669 Usque
294 2594 409 2651 adeone
423 2594 498 2651 mori
512 2594 651 2650 miserum
666 2603 711 2651 est
727 2594 736 2649 ?
778 2592 842 2651 Vos
857 2615 874 2652 o
888 2595 969 2665 mibi,
985 2595 1105 2667 Manes,

174 2686 249 2744 Este
263 2688 344 2759 boni,
362 2688 500 2762 quoniam
515 2687 638 2764 Superis
653 2707 759 2745 aversa
778 2689 924 2747 voluntas.

176 2780 287 2838 Sancta
301 2781 339 2837 ad
353 2800 406 2838 vos
421 2781 530 2850 anima,
547 2790 637 2856 atque
652 2781 736 2838 istius
751 2782 845 2839 inscia
860 2783 966 2859 culpae,

174 2872 377 2943 Descendam,
394 2893 569 2951 magnorum
584 2874 663 2930 haud
678 2894 807 2950 unquam
822 2875 960 2952 indignus
974 2894 1107 2936 avorum.

214 2966 274 3025 vix
289 2987 326 3024 ea
340 2968 417 3025 fatus
431 2977 495 3025 erat
510 2987 517 3036 ;
542 2968 655 3025 medios
669 2969 757 3039 volat,
774 2989 858 3034 ecce.
875 2970 1044 3045 perbostes
1104 2970 1164 3028 650

174 3061 290 3118 Vectus
304 3080 382 3136 equo
397 3070 549 3138 spumante
565 3063 669 3132 Saces,
686 3061 813 3119 adversa
827 3061 937 3139 sagittis

176 3155 303 3213 Saucius
318 3173 381 3225 ors,
397 3155 526 3230 ruitque,
543 3156 702 3232 implorans
716 3156 834 3213 nomine
849 3154 1005 3214 Turnum:

174 3246 290 3317 Turne,
307 3247 379 3304 inte
394 3267 531 3323 suprema
546 3249 648 3316 selus3
674 3248 813 3305 miserere
828 3257 955 3307 tuorum.

105 3334 108 3338 ¹
175 3339 325 3398 Fulminat
339 3340 458 3397 AEneas
474 3341 574 3410 armis,
590 3360 780 3415 summasque
795 3340 923 3398 minatur

175 3431 372 3508 Dejecturum
386 3452 473 3489 arces
488 3430 606 3502 Italum,
622 3432 797 3507 excidioque
813 3431 950 3489 daturum
965 3451 973 3501 ;
1105 3434 1163 3490 656

175 3525 304 3601 Jamque
319 3526 402 3583 laces
417 3525 453 3582 ad
467 3534 548 3582 tecta
564 3525 671 3582 volant.
716 3523 749 3580 ln
764 3532 792 3580 te
807 3543 860 3581 ora
873 3523 985 3595 Latini,

175 3618 211 3677 In
224 3628 254 3677 te
269 3620 372 3676 oculos
387 3618 519 3675 referunt
535 3637 541 3674 :
564 3625 676 3674 mussat
691 3635 744 3674 rex
758 3616 821 3693 ipse
839 3615 977 3688 Latinus,

176 3711 261 3779 Quos
275 3732 403 3789 generos
419 3718 514 3780 vocet,
531 3720 581 3767 aut
598 3730 663 3785 quae
678 3729 744 3766 sese
760 3710 797 3766 sd
812 3709 927 3769 soedera
940 3711 1050 3771 flectat.
1154 3714 1157 3720 ’

174 3804 329 3864 Proeterea
343 3806 458 3882 regina,
474 3804 517 3861 tui
534 3804 685 3875 fidissima,
702 3803 808 3862 dextri

175 3898 293 3958 Occidit
309 3899 372 3975 ipsa
386 3896 452 3968 sua,
469 3898 625 3973 lucemque
641 3898 782 3956 exterrita
797 3898 879 3975 sugit.
1103 3903 1162 3960 660

176 3993 235 4050 Soli
251 4012 304 4069 pro
319 3993 409 4069 portis
423 3991 581 4068 Messapus
596 4003 624 4049 et
639 4011 711 4050 acer
725 3992 831 4049 Atinas

176 4086 349 4143 Sustentent
363 4086 466 4143 aciem.
510 4084 634 4143 Circum
648 4085 702 4143 hos
718 4086 864 4161 utrimque
880 4085 1041 4165 phalanges

176 4179 260 4236 Stant
275 4179 386 4249 densae,
403 4179 573 4254 strictisque
589 4198 677 4255 seges
692 4179 883 4236 mucronibus
894 4179 995 4238 horret

175 4266 309 4329 Ferrea:
332 4280 363 4327 tu
379 4291 498 4329 currum
513 4271 631 4329 deserto
646 4272 674 4329 in
689 4273 822 4350 gramine
838 4291 941 4330 versas
956 4275 963 4331 l

213 4365 374 4440 Obstupuit
388 4363 473 4423 varii
486 4365 628 4422 confusus
643 4366 770 4442 imagine
785 4385 885 4423 rerum
1102 4369 1170 4426 665·

175 4461 307 4532 Turnus,
324 4469 353 4516 et
368 4463 470 4518 obtutu
485 4461 576 4518 tacito
591 4459 691 4517 stetit:
714 4470 819 4518 aestuat
834 4461 940 4538 ingens

176 4554 243 4620 Uno
257 4556 286 4612 in
302 4553 392 4613 corde
406 4555 510 4632 pudor,
527 4555 675 4632 mixtoque
691 4555 807 4614 insania
821 4553 914 4626 luctu,
