2692 5122
181 443 238 501 104
466 435 492 483 Ρ.
513 434 680 482 VIRGILII
704 434 877 484 MARONIS

178 573 329 647 AEtherid,
345 594 443 652 neque
458 575 556 637 adhuc
571 575 743 634 crudelibus
757 579 885 635 occubat
900 575 1021 648 umbris,

176 670 247 731 Non
266 683 363 729 metus
377 670 476 727 officio
490 689 527 727 ne
542 680 571 728 te
587 669 722 729 certdsse
737 672 865 749 priorem

176 765 366 830 Poeniteat.0
380 767 454 823 Sunt
473 774 502 822 et
518 765 627 823 Siculis
641 767 815 844 regionibus
830 762 930 836 u‘rbes,

176 862 331 937 Arvaque,
347 860 541 936 Trojanoque
557 879 575 917 a
589 861 736 938 sanguine
751 862 852 919 clarus
866 829 1058 945 Acestqys
1110 860 1171 921 550

177 952 360 1022 Quassatam
376 954 472 1012 ventis
490 955 579 1012 liceat
595 955 763 1013 subducere
779 956 917 1025 classem,

175 1047 217 1107 Et
232 1048 314 1105 silvis
328 1056 433 1125 aptare
447 1050 559 1118 trabes,
576 1057 605 1106 et
620 1049 766 1127 stringere
782 1068 880 1106 remos
894 1068 902 1118 ;

177 1142 210 1200 Si
223 1141 311 1200 datur
325 1141 453 1214 ltaliam,
470 1143 560 1201 sociis
575 1152 604 1201 et
619 1162 692 1220 rege
707 1152 839 1220 recepto,

175 1236 329 1308 Tendere,
347 1246 377 1295 ut
393 1237 510 1295 ltaliam
525 1238 584 1296 laeti
598 1238 780 1313 Latiumque
796 1218 932 1313 petamus
949 1255 957 1307 ;

176 1331 230 1390 Sin
244 1332 400 1408 absumpta
415 1334 507 1404 salus,
525 1339 553 1389 et
568 1343 608 1403 te,
626 1341 709 1408 pater
723 1332 831 1408 optime
845 1328 1009 1403 Teucrum,

175 1425 290 1485 Pontus
304 1426 394 1483 habet
411 1426 525 1503 Libyae,
542 1446 599 1485 nec
613 1445 682 1502 spes
699 1425 761 1500 jam
777 1433 871 1482 restat
886 1424 953 1496 Iuli,

175 1518 217 1581 At
235 1520 312 1578 freta
326 1520 454 1578 Sicaniae
469 1520 587 1588 saltem,
605 1519 752 1594 sedesque
769 1527 899 1594 paratus,

175 1612 263 1673 Unde
278 1614 336 1672 buc
352 1614 480 1686 advecti,
497 1632 660 1692 regemque
677 1620 812 1689 petamus
825 1612 968 1669 Acesten.

175 1708 301 1768 Talibus
316 1708 469 1766 Ilioneus:
490 1707 593 1766 cuncti
607 1707 693 1764 simul
708 1724 760 1764 ore
776 1705 942 1762 fremebant

174 1803 368 1865 Dardanidas.

214 1898 294 1957 Tum
308 1899 440 1957 breviter
452 1897 544 1970 Dido,
561 1898 673 1956 vultum
688 1896 828 1967 demissa,
844 1895 1000 1973 profatur:

176 1997 288 2056 Solvite
303 1995 394 2056 corde
408 2005 530 2067 metum,
547 1993 661 2053 Teucri
677 2014 684 2063 ;
708 1993 854 2051 secludite
869 2011 968 2052 curas.

175 2090 241 2150 Res
256 2092 332 2150 dura
346 2100 375 2149 ct
397 2091 483 2170 regni
502 2091 617 2149 novitas
633 2107 679 2146 me
693 2088 766 2146 talin
781 2095 892 2165 cogunt

174 2184 288 2257 Moliri,
304 2195 334 2244 et
353 2186 412 2243 inte
429 2186 504 2243 fines
518 2183 643 2243 custode
657 2182 774 2259 tueris,

176 2278 254 2347 Quis
268 2300 365 2357 genus
380 2278 561 2349 AEncadum‚
579 2278 645 2353 quis
659 2277 759 2363 Trojae
775 2275 890 2332 nesciat
905 2276 1009 2334 urbem

174 2372 381 2449 virtutesque,
398 2373 549 2448 virosque,
567 2380 618 2428 aut
631 2371 705 2428 tanti
719 2368 858 2427 incendia
872 2369 942 2427 belli
959 2368 975 2437 ἲ,

173 2465 204 2526 N
206 2485 244 2524 on
259 2469 366 2524 obtusa
380 2465 456 2523 bdeb
471 2474 623 2543 gestamus
639 2472 760 2541 pectora
774 2462 860 2520 Poeni
878 2481 884 2531 3

173 2559 317 2620 Nectum
333 2579 456 2617 eversus
471 2579 565 2635 equos
579 2558 676 2636 Tyris
694 2556 745 2614 Sol
756 2558 855 2634 jungit
870 2558 907 2614 ab
924 2558 1006 2616 urbe.

175 2653 235 2712 Seu
251 2672 303 2710 vos
317 2652 499 2729 Hesperiam
513 2672 653 2729 magnam
669 2651 869 2726 Saturniaque
884 2669 966 2721 arva,

174 2746 244 2806 Sive
258 2747 368 2824 Erycis
382 2746 457 2804 fines
472 2765 634 2824 regemque
649 2746 757 2823 optatis
771 2746 915 2817 Acesten,

172 2841 294 2901 Auxilio
307 2849 387 2899 tutos
401 2840 554 2912 dimittam,
572 2841 738 2917 opibusque
756 2840 877 2916 juvabo.

172 2935 274 2995 Vultis
288 2944 317 2993 et
331 2935 377 2993 his
391 2954 509 2993 mecum
523 2935 636 3012 pariter
649 2934 805 2992 considere
821 2933 946 3011 regnis?

172 3029 286 3090 Urbem
302 3050 389 3107 quam
405 3037 514 3100 statuo,
531 3037 632 3088 vestra
647 3038 691 3087 est
707 3047 714 3097 ;
739 3029 896 3086 subducite
912 3047 1004 3087 naves
1020 3048 1028 3098 ;

171 3124 251 3184 Tros
264 3125 436 3202 Tyriusque
451 3119 522 3181 inihi
537 3125 617 3181 nullo
632 3124 802 3182 discrimine
817 3134 934 3207 agetur.

171 3220 273 3296 Atque
289 3220 400 3276 utinam
414 3237 468 3275 rex
483 3218 556 3295 ipse,
574 3218 653 3276 Noto
669 3217 840 3294 compulsus
856 3216 972 3288 codem,

171 3313 288 3372 Afforet
302 3312 422 3369 AEneas
436 3314 443 3368 !
464 3311 615 3388 Equidem
629 3331 682 3388 per
696 3312 794 3369 littora
809 3320 908 3369 certos

170 3406 338 3477 Dimittam,
355 3414 384 3463 et
398 3405 504 3482 Libyae
518 3406 648 3464 lustrare
663 3414 796 3462 extrema
815 3405 928 3480 jubebo
941 3423 949 3475 ;

172 3501 204 3559 Si
220 3502 327 3577 quibus
342 3501 457 3575 ejectus
472 3500 554 3557 silvis
569 3508 619 3558 aut
635 3500 757 3557 urbibus
772 3507 862 3557 errat.

211 3594 271 3653 His
286 3594 415 3652 animum
430 3595 539 3652 arrecti
554 3595 652 3665 dictis,
669 3602 698 3652 et
712 3593 796 3651 sortis
810 3594 945 3652 Achates

170 3688 212 3748 Et
226 3698 312 3766 pater
325 3689 445 3747 AEneas
462 3689 637 3764 jamdudum
652 3708 809 3765 erumpere
824 3691 935 3747 nubem

169 3782 335 3842 Ardebant.
377 3783 465 3841 Prior
480 3781 598 3841 AEnean
614 3783 771 3860 compellat
786 3784 920 3841 Achates
935 3803 942 3841 ε

169 3880 251 3941 Nate
267 3879 334 3952 deis,
353 3901 419 3958 quae
434 3901 513 3939 nunc
528 3882 625 3939 animo
640 3883 788 3940 sententia
802 3883 896 3960 surgit
913 3882 924 3938 l

170 3974 279 4034 Omnia
297 3982 362 4033 tuta
376 3974 470 4046 vides,
486 3976 625 4047 classem,
642 3976 800 4053 sociosque
816 3986 963 4054 receptos.

170 4068 256 4129 Unus
271 4071 365 4140 abest,
382 4068 479 4126 medio
494 4068 522 4127 in
537 4069 629 4127 fluctu
645 4090 733 4147 quem
748 4071 873 4128 vidimus
888 4071 944 4148 ipsi

170 4164 384 4221 Submersum:
407 4162 495 4221 dictis
509 4164 689 4241 respondent
703 4173 815 4222 caetera
829 4164 942 4225 matris.

169 4254 231 4316 Vix
243 4276 281 4317 ea
294 4257 373 4319 satus
386 4265 463 4331 eret,
481 4278 572 4339 quum
586 4258 769 4318 circumfusa
781 4258 905 4338 repente
