2692 5122
186 385 226 440 74
474 376 501 424 P.
517 375 687 424 V1au1b11
707 375 881 425 Msaoms

186 515 264 578 Mor
278 524 343 575 erat
357 517 415 576 hoo
428 516 525 595 ipsum
537 516 638 589 exitio,
654 516 799 593 furiisque
812 515 919 575 resecti

185 611 353 684 Ardebant,
368 612 484 690 ipsique
499 630 581 683 suos,
592 611 656 686 jam
668 619 763 669 morte
777 612 832 669 sub
848 609 931 689 aegrb

188 707 245 786 (Di
259 708 384 767 meliora
397 707 464 785 piis,
479 724 672 782 erroremque
686 705 820 764 hostibus
834 705 916 764 illum
927 704 957 784 l)

185 800 339 863 Discissos
353 801 441 860 nudis
454 800 606 859 laniabunt
620 798 758 857 dentibus
772 808 865 858 artus.

225 895 310 954 Ecce
325 903 425 954 autem
438 893 513 953 duro
526 894 645 952 sumans
659 896 715 953 sub
730 892 849 953 vomeie
863 904 968 954 taurus

186 989 338 1062 Concidit,
353 998 384 1047 et
397 989 521 1048 mixtum
534 989 646 1066 spumis
660 989 750 1046 vomit
764 1008 817 1047 ore
831 1007 979 1060 eruorem,

184 1082 405 1160 Extremaeque
420 1084 480 1142 ciet
494 1083 622 1161 gemitus
637 1101 644 1140 :
666 1083 688 1141 it
701 1083 795 1141 tristis
809 1090 919 1154 arator,

185 1175 371 1237 Maerentem
384 1177 552 1255 abjungens
565 1175 700 1236 fraterni
712 1188 807 1236 morte
817 1177 980 1251 juvencum
994 1195 1002 1244 ;

184 1272 286 1347 Atque
301 1290 391 1347 opere
406 1271 435 1329 in
449 1270 547 1328 medio
560 1270 659 1329 defixa
672 1271 792 1347 reliquit
806 1279 916 1329 aratra.

184 1363 255 1423 Non
269 1366 381 1423 umbrae
396 1365 524 1424 altorum
537 1384 702 1436 nemorum,
719 1385 778 1423 non
793 1364 893 1425 mollia
907 1372 1029 1442 possunt
1114 1365 1175 1423 520

183 1458 277 1517 Prata
289 1477 410 1516 movere
425 1459 565 1529 animum,
581 1478 641 1517 non
656 1459 706 1536 qui
721 1477 774 1536 per
787 1478 862 1517 saxa
875 1458 994 1516 volutus

183 1551 292 1612 Purior
305 1552 419 1612 electro
433 1572 571 1631 campum
584 1553 656 1630 petit
671 1554 765 1610 amnis
780 1571 787 1610 ι
810 1560 840 1609 at
854 1553 913 1610 ima

185 1647 346 1706 Solvuntur
359 1647 465 1718 latera,
481 1658 572 1723 atquo
585 1647 689 1705 oculos
703 1657 806 1723 stupor
820 1654 906 1722 urget
920 1646 1043 1716 inertes,

184 1739 232 1798 Ad
245 1749 415 1817 terramque
429 1740 492 1798 fluit
506 1740 619 1799 devexo
639 1739 768 1817 pondere
783 1739 894 1798 cervix.

184 1835 265 1904 Quid
281 1838 365 1895 labor
379 1845 431 1895 aut
444 1837 604 1895 benefacta
619 1837 725 1912 juvant
742 1836 752 1891 Ρ
775 1835 845 1912 quid
860 1853 979 1894 vomere
991 1842 1090 1894 terras
1113 1837 1174 1893 526

184 1929 347 1991 invertisse
361 1950 472 2009 graves
488 1930 499 1986 ἲ
521 1932 603 2007 atqui
617 1950 676 1989 non
690 1930 825 1988 Massica
839 1928 956 1988 Bacchi

182 2022 323 2096 Munera,
340 2044 399 2083 non
414 2025 472 2083 illis
485 2026 582 2103 epulor
598 2022 728 2084 nocuere
742 2021 892 2101 repdstae:
920 2040 924 2050 ’

182 2117 354 2176 Frondibus
368 2128 397 2176 et
412 2119 491 2179 victu
507 2128 669 2197 pascuntur
682 2117 825 2195 simplicis
839 2116 940 2175 herbae
954 2136 962 2186 ς

182 2210 297 2271 Pocula
311 2221 378 2270 sunt
393 2214 489 2272 fontes
502 2213 617 2289 liquidi,
633 2221 723 2289 atque
738 2211 871 2269 exercita
884 2230 975 2270 cursu

182 2303 322 2363 Flumina
335 2325 343 2374 ;
366 2325 423 2363 neo
438 2325 557 2364 somnos
573 2306 719 2382 abrumpit
733 2324 807 2362 cura
821 2303 967 2365 salubres.
1113 2307 1172 2366 5³0

220 2399 370 2475 Tempore
385 2419 443 2458 non
458 2400 517 2457 alio
531 2399 631 2457 dieunt
646 2399 818 2476 regionibus
832 2399 890 2456 illis

182 2490 336 2559 Quaesitae
349 2493 385 2549 ed
400 2511 488 2550 saera
501 2493 595 2549 boves
608 2492 628 2549 J
631 2492 746 2563 unonis,
762 2501 792 2550 et
807 2492 868 2550 uris

182 2583 349 2661 Imparibus
363 2585 469 2642 ductos
485 2585 546 2642 alta
559 2585 597 2643 ad
611 2585 736 2644 donaria
749 2605 865 2644 currus.

180 2676 266 2754 Ergo
281 2678 362 2756 aegrd
377 2679 482 2736 rastris
495 2687 606 2737 terram
620 2679 775 2750 rimantur,
792 2687 820 2737 et
835 2680 907 2756 ipsis

180 2769 339 2848 Unguibus
353 2771 498 2830 infodiunt
512 2772 625 2850 fruges,
642 2781 816 2849 montesque
831 2793 885 2851 per
898 2773 975 2833 altos
1110 2777 1170 2836 535

181 2862 335 2924 Contenti
347 2864 466 2923 cervice
481 2866 602 2925 trahunt
616 2865 771 2924 stridentia
789 2867 931 2943 plaustra.

220 2957 249 3016 N
251 2977 290 3016 on
305 2957 392 3036 lupus
407 2958 529 3017 insidias
543 2959 677 3037 explorat
691 2960 781 3018 ovilia
794 2961 917 3033 circum,

180 3052 210 3111 N
212 3071 247 3110 ec
261 3053 405 3130 gregibus
419 3061 582 3111 nocturnus
596 3055 766 3113 obambulat
780 3074 788 3123 ;
813 3055 911 3114 acrior
929 3039 1011 3114 illum

181 3145 267 3229 Cura
280 3146 400 3205 domat:
422 3146 515 3205 timidi
529 3146 623 3205 damae
639 3148 781 3223 cervique
796 3149 920 3226 fugaces

178 3238 208 3298 N
211 3259 269 3297 unc
284 3240 421 3317 interque
435 3260 528 3299 eanes
542 3249 571 3298 et
586 3241 793 3300 circumtecta
807 3250 963 3320 vagantur.
1109 3246 1169 3304 540

178 3333 248 3392 Jam
262 3336 352 3392 maris
366 3336 503 3393 immensi
517 3337 630 3413 prolem
643 3345 673 3394 et
687 3357 783 3414 genus
796 3357 882 3396 omne
896 3335 1059 3412 natanttim,

178 3425 294 3485 Littore
309 3428 338 3485 in
353 3441 494 3499 extremo,
512 3448 567 3487 ceu
585 3430 733 3508 naufraga
746 3450 883 3508 corpora,
899 3433 1008 3492 fluetus

177 3522 293 3582 Proluit
308 3543 315 3580 :
340 3523 465 3582 insolitae
480 3525 596 3602 fugiunt
611 3527 640 3583 in
654 3526 776 3585 flumina
790 3527 903 3605 phoeoe.

178 3616 284 3676 lnterit
297 3627 327 3676 et
341 3619 441 3677 curvis
455 3619 565 3679 frustra
578 3620 702 3679 defensa
715 3621 837 3680 latebris

177 3709 300 3789 Vipera,
315 3722 345 3770 et
361 3714 476 3772 attoniti
490 3715 621 3790 squamis
636 3715 821 3773 adstantibus
834 3715 934 3793 hydri.
1023 3784 1027 3791 ,
1106 3718 1166 3776 545

177 3802 256 3881 Ipsis
270 3814 315 3864 est
329 3808 382 3864 abr
396 3807 501 3865 avibus
517 3827 575 3867 non
590 3829 704 3885 aequus,
720 3817 750 3868 et
763 3810 822 3870 illas

176 3897 351 3978 Praecipites
365 3901 428 3960 alti
441 3903 529 3961 vitam
543 3905 598 3963 sub
613 3906 693 3963 nube
707 3906 887 3983 relinquunt.

175 3992 331 4052 Praeterea
346 3995 409 4070 jam
422 4015 479 4054 nec
493 3998 600 4055 mutari
614 3999 724 4076 pabula
736 4001 838 4072 refert,

176 4085 382 4164 Quaesitisque
394 4099 505 4149 nocent
520 4100 621 4149 artes:
644 4089 765 4152 eessire
780 4093 924 4171 magistri,

175 4180 355 4261 Phillyrides
369 4182 495 4257 Chiron,
510 4186 787 4263 Amythaoniusque
800 4187 978 4268 Melampus.
1104 4193 1165 4250 550
