2692 5122
211 400 252 459 42
492 393 526 441 P.
546 395 711 449 vmutnu
734 395 905 446 Mauortis

253 532 334 602 Quid
347 540 541 611 tempestates
556 536 690 594 autumni
704 544 733 594 et
747 536 846 595 sidera
859 537 958 597 dicam
972 537 983 594 Ξ

189 617 323 705 'Atque
340 630 391 687 ubi
407 630 470 706 jam
485 631 663 707 breviorque
678 631 742 690 dies
757 641 786 690 at
800 634 916 691 mollior
928 642 1029 705 aestas,

187 717 194 728 ¹
212 722 290 790 Quae
305 723 455 800 vigilanda
470 724 540 781 viris
554 723 564 779 ?
580 725 627 782 vel
642 744 732 801 quum
748 726 805 784 ruit
820 727 1001 785 imbriferum
1015 745 1078 798 ver,

212 817 321 895 Spicea
336 817 400 893 jam
414 819 527 895 campis
542 837 631 894 quum
645 820 750 877 messis
765 820 921 892 inhorruit,
936 829 966 878 et
981 839 1072 897 quum

211 910 376 971 Frumento
390 913 420 970 in
436 912 522 970 viridi
535 911 645 989 stipulsi
661 913 803 971 lactentia
816 923 937 993 turgent
953 914 964 971 i

212 1006 298 1083 Saepe
313 1025 381 1083 ego,
398 1025 488 1082 quum
503 1006 587 1063 flavis
602 1025 762 1065 messorem
778 1008 933 1066 induceret
949 1008 1029 1066 arvis

211 1100 366 1178 Agricola,
377 1109 413 1158 -et
427 1100 526 1178 fragili
543 1100 605 1176 jam
621 1101 781 1178 stringeret
795 1101 907 1158 hordea
921 1102 1031 1175 culmo,

211 1191 320 1253 Omnia
334 1206 488 1251 ventorum
507 1213 688 1252 concurrere
703 1195 809 1270 proelia
824 1194 904 1263 vidi;

212 1284 290 1355 Quae
304 1287 458 1365 gravidam
472 1287 531 1344 late
547 1290 733 1365 segetemab
748 1288 900 1346 radicibus
914 1289 980 1347 imis

212 1381 344 1440 Sublimis
360 1380 512 1457 expulsam
527 1392 667 1439 eruerent
681 1400 688 1449 3
713 1381 753 1440 ita
768 1383 886 1440 turbine
900 1384 985 1461 nigro

211 1472 320 1532 Ferret
334 1474 427 1531 hiems
442 1474 632 1550 culmumque
647 1475 742 1532 levem
757 1477 940 1552 stipulasque
955 1478 1098 1536 volantes.

214 1566 301 1645 Saepe
316 1569 405 1625 etiam
425 1568 599 1627 immensum
614 1569 691 1626 coelo
705 1570 786 1627 venit
801 1588 907 1647 agmen
923 1589 1079 1646 aquarum,

212 1661 253 1721 Et
268 1661 377 1720 soedam
391 1662 558 1738 glomerant
572 1671 777 1740 tempestatem
792 1664 934 1720 imbribus
950 1664 1022 1721 atris

213 1754 359 1816 Collectae
373 1774 410 1812 ex
425 1755 485 1813 alto
499 1757 617 1825 nubes;
641 1757 699 1813 ruit
714 1756 827 1814 arduus
842 1756 944 1828 aether,

212 1849 253 1908 Et
268 1846 368 1926 pluvii
382 1849 495 1927 ingenti
509 1858 576 1907 sata
591 1850 659 1908 loeta
673 1852 821 1925 boumque
836 1849 954 1907 labores

211 1942 307 2002 Diluit
321 1963 329 2012 ;
355 1944 512 2021 implentur
526 1944 624 2014 sossae,
641 1951 670 2001 et
684 1962 760 2001 cava
775 1943 896 2001 flumina
910 1951 1049 2001 crescunt

214 2036 291 2097 Cum
311 2038 419 2109 sonitu,
437 2038 590 2115 servetque
606 2037 691 2095 fretis
705 2036 886 2114 spirantibus
901 2055 1013 2112 sequor.

213 2130 281 2210 Ipse
296 2132 397 2203 Peter,
414 2132 511 2190 medii
525 2131 691 2189 nimborum
706 2130 735 2188 in
750 2139 848 2201 nocte,
865 2128 994 2188 coruscis

212 2224 352 2283 Fulmina
364 2226 483 2283 molitur
497 2223 603 2282 dextri
617 2243 624 2291 ;
649 2244 708 2300 quo
722 2225 851 2281 maxima
865 2233 943 2281 motu

213 2317 311 2378 'l'erra
329 2318 438 2388 tremit,
456 2316 560 2394 sugere
575 2317 657 2387 serre,
674 2326 703 2373 et
717 2317 853 2374 mortalia
866 2316 958 2373 corda

211 2410 272 2471 Per
286 2419 391 2490 gentes
405 2410 523 2470 humilis
537 2410 642 2466 stravit
664 2429 775 2486 pavor:
801 2410 849 2467 ille
864 2409 1003 2486 flagranti

212 2505 273 2564 Aut
287 2505 378 2575 Atho,
395 2512 445 2561 aut
460 2502 638 2580 Rhodopen,
655 2510 705 2560 sut
721 2502 781 2559 alta
797 2501 948 2561 Ceraunia
963 2502 1023 2560 telo

211 2597 324 2674 Dejicit
340 2617 347 2668 ;
372 2597 554 2676 ingeminant
574 2597 667 2654 austri
681 2604 710 2653 et
725 2595 918 2654 densissimus
932 2595 1027 2654 imber
1042 2616 1051 2667 ;

212 2692 240 2752 N
244 2712 302 2750 unc
317 2711 439 2750 nemora
453 2691 566 2768 ingenti
580 2698 679 2759 vento,
695 2708 774 2746 nunc
789 2688 887 2746 littora
901 2689 1054 2767 plangunt.

252 2785 323 2844 Hoc
338 2794 483 2855 metuens,
500 2783 570 2842 coeli
584 2801 702 2840 menses
717 2791 746 2838 et
760 2781 859 2838 sidera
873 2800 962 2839 serva
975 2801 983 2852 ;

212 2876 336 2956 Frigida
352 2877 471 2936 Saturni
485 2896 551 2934 sese
567 2875 625 2952 qud
640 2876 725 2933 stella
740 2883 883 2951 receptet,

213 2972 300 3041 Quos
314 2972 392 3050 ignis
406 2971 474 3029 coeli
490 2969 648 3047 Cyllenius
661 2977 740 3026 erret
756 2969 785 3026 in
800 2971 896 3027 orbes.

253 3065 288 3123 ln
303 3065 404 3143 primis
419 3082 563 3121 venerare
579 3063 661 3134 deos,
679 3071 767 3138 atque
782 3081 882 3120 annua
894 3082 1010 3141 magnae

213 3159 309 3218 Sacra
322 3158 401 3215 refer
415 3156 533 3227 Cereri,
551 3157 628 3214 laetis
642 3165 783 3233 operatus
797 3157 826 3213 in
841 3156 952 3226 herbis,

211 3251 365 3310 Extremoe
379 3251 434 3307 sub
450 3267 553 3307 casum
567 3250 682 3320 hiemis,
701 3251 763 3325 jam
779 3269 849 3307 vere
864 3266 993 3307 sereno:

212 3342 300 3401 Tunc
316 3345 441 3420 pingues
456 3342 536 3418 agni,
553 3351 582 3398 et
597 3351 668 3400 tunc
682 3343 854 3401 mollissima
869 3345 946 3414 vina,

212 3436 300 3495 Tunc
315 3435 409 3493 somni
423 3433 537 3504 dulces,
554 3434 713 3510 densaeque
729 3437 758 3493 in
772 3438 919 3495 montibus
935 3437 1060 3496 umbroe.

213 3529 333 3590 Cuncta
346 3529 399 3587 tibi
415 3528 559 3588 Cererem
574 3531 668 3607 pubes
682 3532 809 3608 agrestis
823 3533 925 3591 adoret
941 3552 949 3602 ;

214 3622 274 3683 Cui
288 3633 319 3680 tn
335 3623 412 3680 lacte
428 3623 511 3681 savos
525 3632 555 3682 et
567 3625 627 3682 miti
642 3625 721 3681 dilue
736 3625 869 3697 Baccho,

211 3717 334 3792 Terque
349 3735 441 3774 novas
455 3718 568 3776 circum
583 3718 651 3776 felix
665 3727 714 3777 eat
729 3720 825 3777 hostia
840 3721 942 3799 fruges
958 3741 966 3791 3

212 3809 317 3868 Omnis
332 3828 421 3885 quam
435 3810 545 3868 chorus
559 3820 588 3869 et
602 3813 676 3870 socii
691 3814 870 3872 comitentur
882 3824 1016 3886 ovantes,

211 3902 252 3962 Et
267 3903 412 3961 Cererem
427 3904 556 3962 clamore
571 3914 677 3964 vocent
691 3907 720 3964 in
735 3915 835 3965 tecta:
859 3928 956 3984 neque
971 3909 1041 3969 ante

212 3995 336 4056 Falcem
350 3998 472 4054 maturis
487 3998 644 4074 quisquam
659 4009 804 4077 supponat
819 4002 927 4072 aristis,

214 4089 311 4159 Qudm
327 4089 444 4162 Cereri,
461 4090 540 4150 tortia
552 4092 705 4151 redimitus
726 4102 860 4170 tempora
875 4113 1011 4168 quercu,

211 4182 274 4244 Det
288 4192 383 4245 motus
397 4184 617 4264 incompositos,
633 4195 663 4245 et
678 4188 810 4246 carmina
823 4187 912 4247 dicat.
