2692 5122
1024 434 1036 457 ἱ

482 778 655 826 AEnmuos
674 778 744 826 mu.
759 778 804 826 IV.

153 915 225 987 Hic,
243 914 297 986 uit,
315 924 344 973 et
358 916 466 974 uostris
480 916 605 975 illuserit
620 916 734 974 advene
747 915 848 994 reguis
862 915 874 972 ἓ

153 1010 181 1069 N
184 1030 221 1067 on
235 1028 320 1066 erma
335 1009 503 1086 expedient,
518 1009 641 1086 totique
656 1028 693 1066 ex
707 1011 780 1067 urbe
795 1016 969 1085 sequentur,

152 1103 370 1179 Deripientque
384 1110 466 1160 retes
480 1103 530 1160 slii
548 1103 703 1160 novalibus
720 1102 730 1157 ἲ
773 1102 839 1160 Ite:

154 1196 245 1253 Ferte
260 1196 312 1253 citi
326 1195 469 1266 flemmss,
485 1195 553 1252 dete
568 1197 645 1266 vele,
662 1195 801 1272 impellite
815 1214 921 1253 remos.

155 1289 234 1357 Quid
246 1289 371 1366 loquor?
384 1298 434 1347 aut
446 1290 495 1348 ubi
506 1289 588 1346 sum?
603 1310 669 1366 quae
683 1298 811 1347 mentem
822 1289 936 1347 insania
945 1288 1056 1346 mutet?
1079 1290 1138 1347 596

154 1382 261 1457 Infelix
274 1382 355 1441 Dido
370 1386 377 1441 !
400 1403 479 1441 nuno
492 1392 522 1441 te
536 1384 617 1441 seete
631 1384 719 1460 impie
733 1391 868 1461 tangunt.

154 1475 230 1534 Tum
245 1476 357 1548 decuit,
374 1496 465 1553 quum
477 1486 596 1553 sceptra
609 1476 711 1536 debus.
753 1476 802 1534 Eu
816 1476 920 1534 dextre
934 1476 1067 1554 fidesque
1081 1478 1088 1534 !

155 1569 253 1637 Quem
273 1589 376 1628 secum
390 1571 502 1647 patrios
516 1570 597 1628 uiunt
612 1569 746 1647 portisse
760 1570 901 1642 Penates,

154 1663 254 1729 Quem
270 1663 398 1721 subiisse
414 1663 545 1721 humeris
560 1664 728 1721 consectum
743 1671 831 1721 setate
846 1666 1019 1740 parentem!

153 1756 181 1814 N
185 1777 223 1815 on
237 1757 320 1834 potui
334 1759 490 1834 abreptum
503 1757 644 1814 divellere
660 1777 778 1833 corpus,
794 1767 823 1814 et
839 1758 924 1815 undis
1081 1758 1140 1815 600

155 1850 305 1927 Spargere
320 1849 330 1904 i
352 1869 411 1907 non
425 1850 533 1922 socios,
550 1869 608 1907 non
623 1849 717 1926 ipsum
732 1851 888 1909 absumere
903 1851 983 1909 ferro

153 1942 328 2014 Ascanium,
346 1942 508 2019 patriisque
523 1943 702 2019 epulandum
719 1962 829 2020 ponere
843 1943 1063 2027 111811ωᾴ-

155 2035 268 2093 Verum
283 2055 395 2113 auceps
408 2055 515 2114 pugnae
530 2035 626 2094 fuerat
641 2037 767 2095 fortune.
809 2038 952 2107 Fuisset3
993 2028 997 2035 ’
1031 2024 1035 2033 ’

155 2130 252 2197 Quem
266 2131 358 2189 metui
372 2131 513 2188 moriture
529 2130 539 2186 i
580 2130 681 2189 Faces
694 2132 723 2190 in
738 2140 839 2190 cestra
852 2132 1006 2201 tulissem3

155 2221 389 2302 Impliessemque
404 2224 482 2281 soros
497 2223 620 2281 flammis
636 2244 644 2292 ;
667 2234 828 2302 natumque
842 2233 1015 2302 patremque
1080 2225 1139 2285 606

156 2316 234 2376 Cum
248 2336 360 2395 genere
375 2314 524 2375 extinxim
538 2335 546 2385 ;
569 2326 676 2374 memet
691 2337 780 2395 super
793 2319 858 2394 ipsu
872 2317 1029 2376 dedissem.

155 2409 216 2481 Sol,
234 2411 284 2487 qui
302 2419 451 2468 terrerum
464 2409 590 2467 flammis
604 2430 695 2487 opere
708 2411 807 2468 omnia
820 2410 940 2482 lustres,

155 2501 262 2579 Tuque
277 2503 382 2561 herum
396 2503 543 2578 interpres
557 2521 696 2559 curarum
710 2510 739 2559 et
753 2501 876 2559 conscia
888 2501 980 2573 June,

155 2595 378 2672 Nocturnisque
392 2595 514 2653 Hecate
528 2595 623 2652 triviis
637 2596 750 2653 ululate
764 2613 817 2671 per
829 2595 929 2667 urbes,

154 2688 194 2746 Et
208 2689 293 2747 Dirae
307 2689 441 2759 ultrices,
457 2697 486 2746 et
501 2686 531 2745 di
544 2688 697 2745 morientis
710 2688 830 2757 Elissoe,
1080 2689 1139 2747 610

154 2781 292 2858 Accipite
307 2781 384 2851 haee,
399 2780 594 2858 meritumque
609 2780 693 2838 mulis
708 2779 851 2839 advertite
865 2799 985 2853 numen,

154 2875 194 2934 Et
209 2884 327 2933 nostres
341 2873 440 2933 audite
454 2895 569 2951 preces.
613 2877 644 2933 Si
662 2885 786 2953 tangere
801 2884 904 2953 portus

155 2967 312 3027 Infandum
326 2976 414 3045 ceput
430 2987 464 3026 ee
478 2968 566 3027 terris
581 2969 690 3026 adnare
704 2988 830 3026 necesse
844 2978 900 3040 est,

154 3063 193 3122 Et
208 3065 253 3122 sie
267 3063 329 3121 sata
340 3063 425 3123 Jovis
440 3073 574 3140 poscunt,
590 3065 637 3122 hio
651 3065 795 3122 terminus
808 3065 902 3124 heret
917 3083 925 3136 ;

153 3157 196 3216 At
215 3157 293 3214 bello
309 3157 430 3215 audacis
445 3158 545 3234 populi
558 3167 682 3215 vexatus
696 3167 725 3216 et
742 3159 842 3230 ermis,
1080 3160 1138 3217 616

154 3250 281 3308 Finibus
297 3251 433 3321 extorris,
449 3252 604 3328 complexu
618 3253 739 3309 evulsus
753 3252 821 3323 Iuli,

154 3344 307 3401 Auxilium
320 3343 465 3420 imploret,
482 3343 639 3420 videatque
655 3344 776 3422 indigne
789 3363 910 3401 suorum

154 3436 278 3494 Funere
294 3455 302 3504 ;
325 3455 391 3507 nec,
408 3456 499 3513 quum
518 3455 551 3494 se
566 3438 620 3494 sub
636 3438 719 3513 leges
736 3436 819 3513 pacis
833 3435 942 3511 iniquae

154 3529 335 3599 Tradiderit,
351 3548 445 3606 regno
460 3538 511 3586 eut
525 3528 627 3606 optati
641 3529 707 3586 luce
722 3529 838 3585 fruatur
854 3545 862 3597 ;

154 3620 215 3680 Sed
230 3621 318 3679 cedet
333 3629 401 3679 ente
416 3621 504 3692 diem,
520 3620 676 3696 mediique
692 3621 861 3678 inhumatus
875 3618 978 3681 areni.
1081 3623 1140 3681 620

154 3713 235 3773 Haee
256 3734 362 3792 precor
378 3732 385 3771 ε
408 3715 486 3772 hene
501 3733 604 3771 vocem
619 3723 781 3772 extremam
795 3732 863 3772 eum
877 3713 1023 3792 sunguine
1037 3712 1137 3776 fundo.

154 3807 233 3879 Tum
248 3828 312 3879 vos,
327 3829 345 3866 o
359 3809 455 3886 Tyrii,
472 3809 593 3885 stirpem
606 3817 636 3866 et
649 3828 745 3886 genus
759 3827 844 3866 omne
859 3808 990 3869 futurum

153 3900 306 3960 Exercete
322 3902 397 3960 odiis
411 3921 418 3971 ;
442 3902 595 3978 cinerique
613 3903 678 3961 haee
692 3903 796 3960 mittite
810 3911 911 3960 nostro

154 3993 293 4054 Munera.
335 3996 445 4054 Nullus
458 4015 541 4054 amor
554 3997 669 4073 populis
684 4016 740 4054 uec
754 3995 869 4054 soederu
883 4004 979 4058 sunto.

153 4087 303 4146 Exoriare
317 4088 424 4165 uliquis
438 4090 547 4147 nostris
562 4108 598 4146 ex
612 4090 729 4147 ossibus
744 4090 831 4161 ultor,
1081 4091 1139 4146 625

155 4179 217 4249 Qui
235 4182 303 4239 fece
316 4181 488 4241 Dardanios
502 4183 641 4261 ferroque
655 4203 783 4260 sequere
798 4184 930 4256 colonos,

153 4275 256 4345 Nune,
272 4276 352 4347 olim,
369 4297 557 4354 quocumque
571 4279 682 4336 debunt
697 4298 729 4335 se
744 4287 875 4355 tempore
890 4278 979 4337 vires.

152 4366 272 4426 Littera
285 4369 432 4428 littoribus
445 4371 607 4441 contrarie,
623 4371 762 4431 fluetibus
777 4372 882 4442 undas,

154 4458 319 4538 Imprecor,
335 4482 418 4521 arms
431 4464 521 4522 armis
537 4483 543 4519 :
567 4471 698 4541 pugnent
712 4464 827 4540 ipsique
841 4471 1033 4540 nepotesque.

193 4553 273 4614 Haee
288 4556 341 4629 uit,
357 4564 386 4616 et
400 4566 500 4636 partes
515 4558 644 4617 animum
657 4558 796 4615 versabat
810 4557 840 4615 in
854 4574 968 4627 omnes,
1081 4557 1140 4614 6³0
