2692 5122
184 401 224 461 30
476 396 503 442 r.
523 393 689 443 vrnornu
709 396 881 448 ursonis

183 534 224 595 Ut
237 533 358 615 gemmis
371 535 463 607 bibat,
480 542 512 595 et
525 537 656 594 Sarrano
670 537 826 597 indormiat
839 547 939 599 ostro:

184 628 294 690 Condit
310 648 382 707 opes
395 629 482 701 alius,
498 629 676 707 defossoque
691 632 811 690 incubat
825 652 919 691 euro:

182 722 246 782 Hic
259 730 358 801 stupet
373 723 514 782 attonitus
529 723 666 783 Rostris:
691 725 770 784 hunc
784 726 906 804 plausus
920 727 1052 787 hiantem

182 816 243 876 Per
256 837 369 876 cuneos
382 816 551 896 geminatus
565 819 643 876 enim
657 810 811 896 plebisque
826 828 1000 898 patrumque

183 909 359 989 Corripuit:
382 911 513 989 gaudent
529 912 641 989 perfusi
654 914 801 991 sanguine
816 914 951 987 fratrum,
1090 972 1095 981 ,
1111 915 1171 974 510

181 1003 356 1081 Exsilioque
369 1004 472 1063 domos
486 1014 516 1063 et
530 1005 630 1064 dulcis
642 1005 743 1064 limina
757 1015 882 1080 mutant,

181 1097 284 1174 Atque
299 1098 356 1156 alio
371 1099 498 1176 petriam
512 1108 647 1175 quaerunt
662 1101 717 1158 sub
731 1101 794 1158 sole
811 1102 971 1177 jacentem.

180 1191 325 1270 Agricola
340 1191 463 1250 incurvo
477 1199 588 1249 terram
602 1193 722 1251 dimovit
737 1202 836 1252 aratro
852 1212 858 1250 ε

180 1284 264 1344 Hinc
278 1285 348 1343 enni
362 1285 447 1344 lebor
460 1304 468 1354 ;
491 1286 560 1343 hinc
574 1286 700 1363 patriam
715 1306 881 1363 parvosque
896 1296 1020 1366 nepotes

181 1379 313 1438 Sustinet
328 1398 335 1449 3
360 1379 428 1438 hinc
443 1389 579 1438 armenta
593 1382 692 1452 boum,
709 1382 889 1458 meritosque
907 1381 1063 1458 juvencos.
1111 1383 1170 1441 515

180 1469 250 1532 Nec
265 1472 396 1549 requies,
414 1473 484 1549 quin
499 1482 550 1531 aut
563 1473 657 1550 pomis
672 1476 815 1532 exuberet
830 1494 936 1546 annus,

179 1567 241 1624 Aut
256 1566 329 1624 sostu
344 1584 495 1643 pecorum,
513 1574 563 1624 aut
577 1565 716 1625 Cerealis
729 1569 855 1645 mergite
870 1567 970 1639 culmi,

179 1659 391 1737 Proventuque
405 1669 509 1718 oneret
524 1659 635 1732 sulcos,
652 1668 742 1736 atque
757 1661 866 1718 horren
880 1661 989 1720 vincat,

218 1751 310 1812 Venit
325 1753 419 1812 hiems
434 1773 443 1822 ;
467 1754 573 1812 teritur
587 1753 728 1830 Sicyonia
741 1758 836 1812 bacca
849 1753 972 1832 trapetis
986 1771 994 1823 3

180 1846 298 1907 Glande
313 1866 384 1905 sues
398 1847 459 1905 laeti
472 1847 598 1905 redeunt
614 1867 622 1916 ;
647 1847 716 1905 dont
731 1849 838 1905 arbuta
851 1848 933 1907 silvie
948 1867 956 1918 ;

179 1939 220 1999 Et
235 1940 334 1999 varios
347 1941 429 2019 ponit
443 1940 533 1999 soetus
548 1949 716 2013 autumnus,
732 1948 762 1999 et
776 1941 837 1999 eltd

179 2033 263 2093 Mitis
280 2035 310 2092 in
325 2034 435 2111 apricis
448 2035 588 2111 coquitur
600 2034 749 2092 vindemia
763 2035 852 2094 saxis.

180 2128 303 2188 Interea
316 2129 421 2188 dulces
435 2129 564 2207 pendent
578 2129 692 2187 circum
706 2130 809 2187 oscula
823 2129 907 2200 nati3

180 2221 277 2283 Ceste
292 2222 463 2301 pudicitiam
477 2232 576 2281 servet
591 2222 716 2292 domus;
741 2224 836 2280 ubera
850 2242 951 2281 vaccae

179 2315 296 2376 Lactea
309 2314 463 2373 demittunt
481 2334 489 2384 ;
514 2315 700 2392 pinguesque
715 2315 745 2372 in
759 2316 894 2392 gramine
909 2316 977 2374 laeto

179 2407 264 2467 Inter
277 2427 310 2466 se
325 2407 460 2466 adversis
473 2408 626 2467 luctantur
639 2408 778 2466 cornibus
792 2408 879 2468 haedi.

219 2501 288 2580 Ipse
303 2501 367 2559 dies
381 2501 474 2579 egitat
489 2500 580 2558 festos
596 2521 604 2570 3
628 2501 771 2577 lususque
786 2521 841 2579 per
853 2503 987 2575 herbam,

179 2594 263 2674 Ignis
278 2595 329 2653 ubi
343 2594 372 2652 in
387 2593 494 2665 medio,
511 2602 540 2653 et
555 2594 628 2653 socii
643 2604 762 2653 crotera
777 2604 930 2668 coronant,

178 2688 226 2746 Te
239 2688 347 2760 libens,
363 2688 487 2758 Lenaee,
504 2702 590 2745 vocet
605 2707 613 2758 3
637 2688 814 2766 pecorisque
828 2689 979 2768 magistris

179 2779 306 2842 Velocis
322 2781 417 2859 jaculi
430 2782 596 2840 certamine
609 2782 690 2859 ponit
704 2782 733 2840 in
749 2782 827 2840 ulmo
841 2802 848 2852 ;

179 2873 377 2954 Corporaque
393 2875 506 2954 agresti
519 2875 631 2933 nudent
646 2875 782 2953 praedura
798 2873 947 2952 palaestris.

217 2969 309 3029 Hanc
323 2969 393 3029 olim
406 2979 526 3028 veteres
540 2969 631 3028 vitam
645 2966 767 3028 coluere
787 2968 899 3040 Sabini,

177 3064 269 3124 Hanc
282 3064 398 3123 Remus
413 3072 442 3122 et
457 3064 549 3123 frater
565 3083 574 3135 ;
598 3064 641 3122 sic
656 3062 740 3121 fortis
753 3063 877 3121 Etruria
891 3061 984 3121 crevit

178 3159 311 3230 Scilicet,
327 3166 357 3216 et
374 3177 474 3217 rerum
488 3158 569 3216 sacta
583 3166 628 3216 est
643 3158 842 3234 pulcherrima
855 3157 965 3229 Roma,

178 3253 358 3330 septemque
373 3271 434 3310 nna
447 3251 503 3309 sibi
517 3271 602 3309 muro
617 3250 810 3308 circumdedit
826 3269 922 3309 arces.
1105 3252 1165 3312 5³5

176 3347 256 3404 Ante
271 3345 360 3405 etiem
374 3353 524 3423 sceptrum
538 3343 649 3401 Dictaei
667 3343 758 3420 regis,
774 3350 803 3399 et
818 3342 887 3401 ante

177 3438 273 3517 Impia
288 3437 376 3515 qudm
390 3437 477 3496 cresis
491 3456 566 3515 gens
579 3444 625 3494 est
639 3435 758 3513 epulata
775 3435 923 3510 juvencis,

178 3532 300 3592 Aureus
314 3532 392 3590 hanc
406 3531 495 3589 vitam
513 3529 646 3588 interris
660 3531 807 3587 Saturnus
821 3530 938 3606 agebat.

177 3626 315 3686 Necdum
329 3624 418 3684 etiam
434 3623 589 3683 audierunt
603 3621 700 3681 inflari
714 3623 853 3695 classice,
869 3622 997 3684 necdum

178 3718 334 3797 Impositos
348 3719 430 3777 duris
444 3719 592 3795 crepitare
607 3715 763 3776 incudibus
778 3737 875 3777 enses.
1104 3719 1165 3779 540

218 3812 277 3871 Sed
293 3833 347 3871 nos
361 3812 535 3871 immensum
550 3811 652 3888 spatiis
666 3810 849 3870 confecimus
864 3830 967 3889 aequor
982 3829 990 3882 ;

176 3905 217 3965 Et
234 3905 298 3983 jem
310 3913 427 3984 tempus
441 3902 549 3982 equum
564 3904 707 3963 fumantia
720 3904 837 3963 solvere
852 3903 938 3963 colla.
