2692 5122
482 754 701 835 eucnemon
722 785 791 835 nm.
805 787 852 834 ιν.

175 925 208 986 In
222 945 305 984 mare
320 943 500 1004 purpureum
511 925 669 985 violentior
682 925 774 985 effluit
789 924 894 984 amnia.

173 1020 337 1097 Poetquam
349 1029 395 1078 eet
410 1020 439 1078 in
453 1021 576 1079 thalami
592 1021 750 1100 pendentia
764 1021 880 1100 pumice
894 1027 975 1080 tecta

173 1113 364 1186 Perventum,
381 1122 410 1171 et
424 1115 485 1174 nati
505 1114 593 1173 fletur
607 1115 746 1193 cognovit
760 1115 865 1173 inanes
1101 1115 1160 1173 ³76

175 1205 308 1286 Cyrene,
324 1207 461 1266 manibus
475 1208 601 1284 iiquidoa
616 1208 686 1267 dant
700 1209 803 1266 ordine
817 1208 913 1267 sontes

175 1298 346 1372 Germanae,
361 1302 515 1379 tonaiaque
529 1301 627 1366 serunt
641 1301 782 1360 mantelia
795 1302 881 1361 vittis.

175 1393 249 1454 Pare
263 1395 360 1472 epulis
373 1404 498 1454 onerant
513 1414 642 1468 mensae,
658 1403 688 1454 et
702 1397 791 1474 plena
804 1403 950 1474 reponunt

175 1487 288 1548 Pocula
303 1507 311 1558 ;
335 1488 494 1548 Panchaeis
508 1489 683 1547 adolescunt
698 1490 817 1567 ignibus
831 1508 902 1548 aree.

174 1581 212 1641 Et
226 1591 332 1652 mater,
352 1588 373 1614 “
384 1581 469 1660 Cape
483 1583 605 1641 Maeonii
619 1583 777 1642 carchesia
791 1583 906 1641 Bacchi
919 1601 927 1652 ;
1101 1581 1160 1639 880

174 1674 297 1734 oceano
310 1676 472 1749 libemue,”
487 1678 538 1737 ait.
580 1678 672 1736 Simul
686 1678 753 1754 ipsa
766 1685 908 1755 precatur

175 1768 386 1847 Oceanumque
401 1779 515 1848 patrem
529 1790 639 1842 rerum,
655 1770 684 1829 N
685 1771 871 1848 ympbaaque
885 1786 1014 1839 sorores,

176 1863 304 1924 Centum
320 1885 386 1942 quae
400 1867 501 1938 silvas,
517 1877 635 1926 centurn
651 1886 716 1943 quae
731 1866 851 1925 flumina
869 1872 998 1924 servant.

174 1956 236 2017 Ter
249 1958 361 2035 liquido
376 1960 527 2018 ardentem
542 1959 669 2038 perfudit
682 1969 804 2018 nectare
819 1959 944 2018 Vestam
960 1977 968 2028 ;

174 2050 236 2110 Ter
249 2052 368 2111 flamma
383 2053 420 2111 ad
435 2073 578 2112 summum
592 2053 664 2112 tecti
678 2053 814 2130 subjecta
827 2053 944 2111 reluxit.
1100 2051 1159 2109 886
1184 2075 1188 2082 ·

175 2144 280 2204 Omine
296 2166 354 2223 quo
368 2147 488 2205 firmana
503 2148 641 2219 animum,
658 2148 701 2205 sic
716 2147 818 2225 incipit
833 2147 897 2224 ipsa
912 2165 919 2203 τ

215 2241 301 2300 “Eat
315 2242 345 2300 in
360 2241 523 2320 Carpathio
538 2242 670 2320 Neptuni
684 2243 801 2321 gurgite
816 2250 911 2312 vater,

176 2331 332 2394 Crernieue
345 2335 483 2407 Proteus,
499 2355 640 2414 magnum
655 2336 705 2411 qui
726 2336 857 2413 piscibus
871 2352 974 2411 aequor

176 2426 214 2486 Et
229 2428 334 2504 juncto
348 2428 486 2506 bipedum
502 2447 591 2486 curru
606 2429 725 2485 metitur
739 2446 892 2503 equorum.

175 2518 235 2579 Hic
250 2540 328 2579 nunc
342 2521 492 2579 Emathiae
508 2529 610 2597 portua
625 2520 809 2597 patriamque
824 2518 925 2576 revisit
1101 2519 1160 2576 ³90

174 2611 327 2672 Pallenen.
368 2614 464 2671 Hunc
478 2622 508 2670 et
521 2612 668 2690 Nymphae
683 2631 870 2683 veneramur,
886 2620 916 2670 et
931 2611 994 2688 ipae

176 2705 363 2766 Grandaevue
377 2708 405 2765 N
408 2726 496 2765 erens
512 2726 520 2776 ;
544 2708 625 2764 novit
639 2726 766 2783 namque
781 2706 879 2764 omnia
893 2713 988 2776 vater,

176 2798 250 2866 Quae
265 2801 334 2870 sint,
352 2820 417 2875 quae
433 2799 551 2871 fuerint,
569 2819 633 2876 qnae
654 2819 722 2858 mox
736 2808 863 2857 ventura
874 2799 1053 2858 trahantur:

176 2891 292 2970 Quippe
307 2893 349 2950 ita
366 2894 394 2951 N
397 2901 506 2971 eptuno
520 2893 615 2951 visum
629 2901 685 2964 eet,
701 2892 840 2951 immania
853 2892 939 2970 cujus

174 2985 318 3043 Armenta
332 2994 362 3043 et
374 2994 476 3063 turpes
491 2986 585 3063 pascit
599 2988 654 3044 eub
670 2987 788 3064 gurgite
803 2987 923 3064 phocas.
1099 2990 1158 3046 ³96

176 3076 235 3136 Hic
249 3079 314 3149 tibi,
331 3086 410 3149 nate,
428 3078 508 3155 priirs
521 3079 625 3137 vinctis
639 3079 814 3157 capiundua,
832 3089 862 3138 ut
876 3098 998 3139 omnem

176 3171 323 3249 Expediet
337 3172 432 3230 morbi
445 3192 567 3231 causam
581 3181 765 3249 eventusque
780 3173 933 3232 secundet.

177 3265 255 3324 Nam
268 3267 333 3323 eine
348 3266 376 3324 vi
390 3285 448 3324 non
464 3268 524 3324 ulia
538 3266 619 3324 dabit
634 3275 794 3344 praecepta,
811 3286 907 3342 neque
921 3267 1003 3326 illurn

176 3358 297 3417 Ornndo
311 3359 415 3417 flectes
428 3377 435 3416 :
458 3360 514 3417 vim
530 3359 633 3417 duram
648 3368 677 3417 et
692 3359 811 3417 vincula
823 3366 911 3435 capto

173 3450 279 3510 Tende
296 3471 304 3522 ;
328 3451 386 3510 doli
400 3452 514 3510 circum
528 3452 593 3509 brec
607 3452 724 3509 demum
739 3450 914 3528 frangentur
928 3451 1042 3510 inanes.
1102 3453 1160 3509 400

177 3542 245 3621 Ipsa
259 3563 316 3622 ego
330 3553 370 3615 te,
387 3544 499 3602 medion
514 3564 603 3619 quum
617 3544 662 3601 sol
677 3543 962 3615 accenderentur,
1045 3598 1047 3604 .

177 3636 276 3704 Quum
290 3637 391 3695 eitiunt
406 3637 519 3707 herbar,
536 3645 564 3693 et
579 3636 680 3713 pecori
695 3636 759 3711 jam
773 3636 885 3713 gratior
899 3637 1004 3694 urnbra
1017 3644 1072 3709 eat,

177 3728 210 3787 In
228 3739 347 3787 secreta
360 3730 441 3787 senis
455 3728 572 3799 ducam,
590 3728 648 3805 qud
664 3729 759 3787 seeeua
774 3728 912 3787 abundis

177 3823 214 3880 Se
229 3822 344 3900 recipit,
361 3823 447 3881 facile
462 3831 493 3880 ut
508 3842 611 3882 somno
624 3823 802 3901 aggrediare
819 3823 980 3898 jacentem.

175 3913 288 3973 Verium
303 3915 352 3972 ubi
367 3924 536 3993 correptum
553 3916 688 3974 manibus
703 3915 866 3991 vinclisque
880 3915 1007 3988 tenebis,
1101 3918 1159 3974 405

176 4007 253 4066 Tum
267 4009 358 4066 variae
372 4008 492 4066 eludent
506 4010 623 4085 species
637 4017 726 4084 atqua
741 4009 945 4068 craterarum.

176 4099 242 4159 Fiet
256 4101 335 4159 enim
348 4101 446 4160 eubitd
461 4122 512 4160 sus
527 4102 674 4174 horridus,
691 4110 816 4179 atraque
829 4102 926 4180 tigria,

177 4194 418 4271 Squamoauaque
433 4195 535 4266 draco,
552 4204 581 4253 at
596 4194 677 4255 fulvi
690 4196 808 4254 cervice
824 4197 939 4267 leoena3

176 4287 236 4345 Aut
250 4307 352 4347 acrem
366 4288 491 4347 flammae
505 4289 632 4348 sonitum
646 4290 738 4361 dabit,
755 4299 843 4367 atque
858 4290 899 4349 ita
912 4291 1018 4351 vinclis

176 4378 313 4453 Excidet,
331 4389 382 4440 ant
396 4381 425 4440 in
441 4402 533 4458 aquas
547 4391 653 4441 tenues
666 4382 798 4460 dilapsus
813 4384 913 4444 abibit.
1102 4386 1160 4444 410

178 4473 235 4532 Sed
250 4474 361 4551 qnantd
377 4475 425 4533 ille
440 4475 537 4553 magia
552 4475 660 4534 formae
673 4494 707 4533 se
720 4483 816 4534 vertet
830 4477 859 4534 in
873 4497 986 4549 ornnes,
1017 4512 1024 4525 ·

175 4567 286 4641 Tantd,
301 4579 383 4642 nate,
399 4568 496 4648 magia
513 4568 659 4628 contende
677 4569 797 4629 tenacia
811 4570 909 4629 vincla
925 4589 933 4640 ;

471 4667 489 4721 8
