2692 5122
177 378 235 437 m
466 371 493 419 Ρ.
507 371 676 419 Vtamur
699 369 873 419 [4110le

177 510 300 569 Deserit
314 510 472 586 inceptum,
489 516 579 584 atque
593 508 712 567 immani
724 508 859 567 concitus
878 504 925 565 irai

177 604 362 665 Dardaniam
374 605 433 662 ruit
447 603 484 661 ad
500 612 614 680 portam
627 603 793 678 fratresque
809 602 955 678 superbos
969 618 979 670 ς
1100 600 1161 663 600

178 698 219 756 Et
233 698 357 776 primum
369 697 560 773 Antiphaten,
577 697 602 752 is
616 696 694 753 enim
708 714 741 752 se
755 695 865 771 primus
879 695 1000 772 agebat,

179 790 327 849 Thebana
340 791 376 849 de
391 798 484 848 matre
499 789 620 846 nothum
635 787 814 864 Sarpedonis
828 787 889 857 alti,

181 883 327 960 Conjecto
341 884 444 941 sternit
453 882 556 957 jaculo
570 901 577 938 ι
601 881 678 939 volat
693 880 769 938 ltnla
783 899 892 937 cornus

178 977 260 1036 Adra
274 995 327 1053 per
340 984 484 1046 tenerum,
500 973 710 1050 stomachoque
725 972 814 1029 infixa
828 973 883 1029 sub
898 971 989 1030 altum

177 1068 289 1128 Pectus
303 1068 364 1127 abit
378 1087 386 1137 ς
409 1067 504 1126 reddit
518 1085 626 1144 specus
641 1066 698 1123 atri
710 1065 840 1122 vulneris
856 1064 963 1122 undam
1098 1067 1160 1125 700

179 1163 380 1239 Spumantem,
397 1169 426 1218 et
441 1161 499 1218 fixo
513 1160 623 1217 serrum
637 1158 666 1215 in
681 1158 816 1235 pulmone
831 1157 965 1234 tepescit.

178 1255 256 1312 Tum
264 1255 418 1330 Meropem
425 1252 687 1329 atqueErymanta
694 1259 858 1320 manu,tum
867 1247 1157 1326 sternitAphidnum3

178 1346 257 1405 Tum
269 1346 368 1404 Bitian
382 1345 534 1403 ardentem
549 1344 653 1415 oculis,
670 1343 834 1418 animisque
848 1342 1030 1413 frementem,
1137 1368 1146 1385 ·

178 1439 247 1497 Non
258 1439 370 1514 jaculo,
387 1457 483 1514 neque
498 1437 577 1495 enim
587 1437 689 1511 jaculo
703 1437 792 1493 vitam
806 1435 854 1492 ille
868 1434 997 1494 dedisset
1010 1453 1019 1504 ς

178 1531 238 1591 Sed
251 1531 389 1608 magnum
405 1530 532 1589 stridens
547 1538 682 1587 contorta
694 1528 818 1586 falarica
833 1527 922 1598 venit,
1100 1528 1159 1589 700

178 1623 322 1682 Fulminis
337 1631 405 1682 acta
418 1620 526 1691 modo}
552 1642 639 1698 quarn
653 1640 709 1678 nec
724 1620 782 1678 duo
797 1631 901 1678 taurea
913 1628 1011 1698 terga,
1100 1680 1103 1685 ,

178 1717 207 1775 N
210 1737 245 1775 ec
259 1716 367 1793 duplici
382 1718 506 1792 squama
520 1716 613 1773 lorica
627 1714 722 1772 fidelis
735 1723 765 1772 et
779 1733 853 1771 auro

179 1810 343 1868 Sustinuit:
366 1809 498 1886 collapsa
511 1816 599 1865 ruunt
614 1808 751 1865 immania
767 1809 898 1865 membra
911 1825 920 1877 ;

178 1902 241 1960 Dat
254 1903 342 1960 tellus
356 1902 508 1979 gemitum,
524 1910 553 1959 et
567 1901 704 1978 clypeum
717 1900 808 1978 super
821 1901 934 1959 intonat
947 1899 1074 1978 ingens:

179 1994 286 2063 Qualis
300 1995 330 2052 in
344 1994 480 2052 Euboico
494 1994 634 2052 Baiarum
648 1995 744 2051 littore
760 1993 906 2070 quondam
1099 1994 1159 2055 710

180 2090 278 2146 Sanan
292 2089 352 2165 pila
366 2087 455 2158 cadit,
471 2087 588 2164 magnis
603 2106 690 2162 quam
704 2088 829 2145 molibus
842 2085 911 2145 ante

180 2181 389 2241 Constructam
404 2190 492 2258 ponto
503 2180 638 2256 jaciunt:
661 2181 704 2239 sic
719 2180 768 2238 illa
782 2181 897 2239 ruinam

178 2274 278 2332 Prona
292 2274 390 2344 trahit,
407 2273 582 2350 penitusque
596 2273 680 2330 vadis
693 2274 770 2330 illisa
783 2272 927 2331 recumbit
942 2289 950 2328 t

178 2366 307 2425 Miscent
323 2366 472 2435 semeria,
489 2375 517 2423 et
532 2367 624 2442 nigrae
633 2367 811 2424 attolluntur
824 2383 946 2435 arenae;

178 2459 257 2517 Tum
270 2459 367 2517 sonitu
380 2458 531 2533 Prochyta
545 2459 605 2515 alta
618 2460 725 2529 tremit,
741 2459 905 2534 durumque
919 2457 1017 2518 cubile
1099 2459 1159 2521 m

179 2547 308 2610 Inarime
321 2553 342 2610 J
344 2553 406 2609 ovis
420 2552 549 2628 imperiis
564 2553 688 2629 imposta
701 2554 856 2631 Typhoeo.

218 2645 280 2703 Hic
294 2645 377 2702 Mars
391 2644 569 2719 armipotens
583 2645 711 2702 animum
727 2646 862 2722 viresque
876 2645 992 2704 Latinis

178 2738 310 2807 Addidit,
328 2745 356 2793 et
370 2737 502 2793 stimulos
517 2756 603 2794 acres
617 2739 670 2794 sub
686 2747 805 2815 pectore
820 2741 907 2798 vertit
921 2758 929 2807 ;

179 2831 359 2905 Immisitque
374 2829 489 2906 Fugam
502 2829 630 2887 Teucris
642 2839 796 2906 atrumque
806 2832 965 2891 Timorem.

178 2925 315 3000 Undique
331 2924 519 2994 conveniunt,
537 2924 674 2998 quoniam
686 2924 756 2982 data
769 2926 856 3002 copia
869 2945 988 3003 pugnas,
1099 2927 1159 2987 '120

177 3018 368 3092 Bellatorque
383 3017 497 3073 animos
511 3016 585 3073 deus
599 3017 709 3075 incidit.

177 3111 342 3180 Pandarus,
360 3119 390 3166 nt
406 3109 470 3167 suso
484 3129 657 3186 germanum
671 3129 795 3187 corpore
810 3110 913 3182 cernit,

177 3204 217 3261 Et
232 3223 288 3277 quo
303 3202 339 3258 sit
355 3202 470 3259 fortuna
486 3202 562 3270 loco,
580 3202 629 3278 qui
643 3223 731 3261 casus
746 3212 814 3280 agat
828 3223 888 3274 res,

177 3295 298 3353 Portam
312 3294 341 3351 vi
355 3293 447 3351 multi
461 3314 604 3351 converso
619 3295 739 3353 cardine
753 3304 882 3372 torquet,

178 3387 312 3450 Obnixus
325 3386 393 3443 latis
407 3386 546 3454 humeris,
563 3388 727 3463 multosque
742 3406 863 3446 suorum
1098 3389 1157 3450 tw

177 3479 328 3538 Moenibus
343 3479 479 3535 exclusos
493 3478 566 3536 duro
581 3480 609 3536 in
624 3482 783 3539 certamine
799 3482 902 3558 linquit
918 3501 926 3540 ε

178 3573 235 3632 Ast
249 3572 322 3629 alios
338 3589 440 3629 secum
453 3570 575 3628 includit
588 3574 751 3649 recipitque
767 3584 887 3632 ruentes
900 3595 907 3644 ;

176 3667 310 3724 Demens
325 3685 332 3734 ;
357 3665 407 3740 qui
421 3665 564 3723 Rutulum
578 3667 607 3723 in
621 3668 788 3726 medionon
804 3671 921 3747 agmine
936 3690 1039 3750 regem

177 3759 291 3817 Viderit
306 3759 523 3833 irrumpentem,
541 3760 675 3835 ultroque
690 3762 841 3821 incluserit
857 3765 944 3834 urbi;

177 3850 336 3910 Immunem
351 3851 440 3907 veluti
455 3870 565 3927 pecora
578 3853 653 3910 inter
668 3853 773 3911 inertia
786 3855 893 3933 tigrim
1098 3858 1159 3920 'm

177 3942 326 4002 Continud
341 3962 417 3999 nova
431 3943 480 4000 lux
494 3945 588 4001 oculis
602 3946 720 4017 offulsit,
737 3956 767 4004 et
782 3967 863 4006 arma

176 4035 365 4094 Horrendirm
380 4033 528 4105 sonuere;
552 4045 678 4096 tremunt
694 4040 721 4096 in
737 4041 848 4098 vertice
863 4042 962 4101 crista

176 4129 365 4208 Sanguinem,
382 4129 546 4207 clypeoque
560 4130 698 4188 micantia
712 4132 833 4192 fulmina
846 4134 973 4196 mittunt.
