2692 5122
501 758 720 808 GBORGICON
740 758 844 807 HM

176 895 296 955 Ventus
309 895 366 954 erit
382 913 391 965 3
414 904 502 954 vento
516 917 634 976 semper
647 899 733 957 rubet
746 916 839 957 aures
850 896 988 957 Pbcebe':
1033 940 1037 951 .

178 990 233 1049 Sin
246 998 312 1049 ortu
327 998 435 1065 quarto
450 988 593 1067 (namque
607 991 632 1049 is
645 992 828 1050 certissimus
842 993 961 1070 auctor)

178 1081 269 1155 Pura,
286 1102 386 1160 neque
400 1083 515 1142 obtusis
530 1104 585 1162 per
597 1086 707 1144 eoelum
721 1086 861 1144 cornibus
874 1085 939 1158 ibit,

178 1176 274 1234 Totus
287 1184 317 1235 et
331 1177 381 1234 iile
394 1175 470 1260 dies,
486 1183 516 1235 et
530 1178 582 1253 qui
594 1186 758 1237 nascentur
771 1180 808 1236 nb
823 1179 873 1237 illo

178 1268 328 1328 Enetum
341 1269 380 1327 ad
393 1289 537 1343 mensem,
553 1270 654 1349 pluvie
666 1272 822 1349 ventisque
837 1273 992 1344 carebunt,
1107 1273 1166 1333 ⁴1³5

178 1362 318 1440 Votoque
333 1365 443 1422 servati
457 1365 572 1423 solvent
586 1366 617 1423 in
630 1366 728 1424 littore
742 1375 842 1425 nautse

178 1455 296 1515 Glauco
310 1465 339 1515 et
353 1457 503 1536 Panopeae
518 1467 548 1517 et
561 1458 635 1518 lnoo
653 1460 831 1520 Melicerte.

219 1549 269 1608 Sol
285 1569 403 1626 quoque
416 1559 445 1609 et
459 1552 607 1624 exoriens,
624 1561 654 1610 et
669 1573 760 1629 quum
771 1573 805 1611 se
820 1552 926 1611 condet
942 1551 973 1610 in
987 1550 1092 1622 under,

180 1643 273 1721 Signn
286 1642 385 1713 debit,
409 1645 503 1703 solem
515 1646 682 1704 certissima
695 1647 782 1724 signe
795 1654 972 1722 sequnntur,

179 1735 220 1794 Et
234 1755 301 1812 qun
315 1736 401 1796 mend
415 1737 517 1809 refert,
534 1746 563 1796 ot
579 1758 645 1814 quse
659 1739 850 1817 surgentibus
864 1737 962 1796 astris.
1106 1736 1167 1794 440

181 1828 236 1886 Ille
251 1830 299 1887 ubi
312 1841 485 1888 nascentem
497 1832 622 1890 maculis
637 1832 795 1889 variaverit
809 1840 917 1902 ortum,

181 1922 326 1983 Conditus
340 1923 371 1982 in
384 1926 503 1995 nubem,
519 1925 675 2001 medioque
689 1925 832 2003 refugerit
846 1927 930 1997 orbe,

180 2017 317 2093 Suspecti
331 2017 385 2074 tibi
398 2018 456 2075 sint
469 2018 579 2076 imbres
595 2037 603 2075 ι
626 2037 752 2095 namque
768 2025 855 2096 urget
874 2019 912 2075 eb
927 2017 988 2076 alto

179 2109 405 2186 Arboribusque
420 2111 549 2186 satisque
563 2111 661 2169 Notus
675 2111 835 2189 pecorique
848 2111 977 2170 sinister.

180 2200 242 2261 Aut
256 2201 306 2259 ubi
320 2204 376 2260 sub
390 2203 487 2261 lucem
500 2203 595 2262 densa
609 2205 685 2262 inter
697 2205 799 2263 nubila
819 2223 886 2263 sese

180 2293 301 2353 Diversi
314 2306 449 2374 rumpent
463 2297 548 2368 redii,
564 2307 614 2356 aut
629 2298 679 2356 ubi
693 2298 803 2375 pallida
817 2305 921 2376 surget

180 2387 301 2446 Tithoni
311 2408 452 2448 croceum
465 2391 602 2466 linquens
615 2391 737 2448 Aurora
750 2390 849 2449 cubile
865 2410 884 2459 3.

181 2480 274 2540 Heu!
295 2481 372 2540 meld
387 2492 449 2540 tum
464 2483 550 2540 mites
563 2482 701 2540 desendet
717 2483 872 2559 pampinus
887 2500 973 2551 uvas,

181 2575 257 2633 Tem
271 2576 363 2633 multa
375 2576 405 2634 in
418 2576 506 2633 tectis
520 2576 670 2652 crepitans
683 2575 750 2632 salit
766 2574 885 2632 horride
898 2572 1023 2653 grando.

183 2669 254 2727 Hoc
268 2671 367 2740 etiam,
384 2690 505 2729 emenso
520 2689 610 2747 quum
620 2670 682 2745 jam
696 2669 820 2727 decedet
834 2669 972 2745 Olympo,

182 2761 331 2820 Profuerit
345 2764 512 2821 meminisse
528 2762 624 2841 magis
640 2781 648 2831 ;
672 2782 740 2821 nem
755 2762 835 2840 saepe
851 2761 984 2820 videmus

184 2854 280 2932 Ipsius
301 2856 331 2914 in
346 2857 427 2914 vultu
441 2857 539 2914 varios
553 2876 656 2914 errare
675 2856 811 2914 colores:

184 2948 343 3007 Caeruleus
357 2950 485 3027 pluviam
498 2950 661 3021 denuntiat,
678 2951 785 3028 igneus
799 2969 898 3008 euros.
989 2953 992 2959 '

184 3043 235 3100 Sin
250 3042 375 3100 maculae
391 3043 530 3119 incipient
544 3044 631 3101 rutilo
650 3043 843 3102 immiscerier
856 3042 930 3120 igni,

183 3136 291 3194 Omnia
305 3143 376 3193 tunc
391 3136 500 3212 pariter
513 3146 601 3194 vento
618 3137 784 3212 nimbisque
799 3136 914 3194 videbis

184 3226 316 3285 Fervere
331 3246 338 3284 z
360 3247 419 3285 non
432 3227 483 3285 int
498 3229 653 3304 quisquam
666 3248 712 3287 me
727 3237 815 3286 nocte
831 3248 884 3304 per
899 3229 990 3285 eitum

185 3318 245 3389 lre,
261 3339 359 3396 neque
374 3340 393 3377 a
406 3319 488 3378 terrd
501 3329 619 3379 moneat
637 3321 806 3378 convellere
821 3320 930 3378 sunem.

185 3414 224 3470 At
236 3413 271 3482 si,
289 3432 379 3488 quum
392 3413 560 3488 reseretque
575 3414 664 3483 diem,
677 3412 845 3487 condetque
859 3412 997 3482 relatum,

184 3504 319 3564 Lucidus
332 3506 412 3564 orbis
425 3507 481 3564 erit
498 3525 505 3573 ;
529 3506 638 3564 frustra
652 3507 807 3563 terrebere
821 3503 939 3573 nimbis,

184 3598 225 3657 Et
239 3600 322 3657 claro
335 3600 425 3657 silvas
439 3618 546 3656 cernes
562 3599 709 3675 Aquilone
725 3598 845 3656 moveri.
1113 3598 1172 3658 460

185 3691 336 3768 Denique,
354 3692 423 3768 quid
438 3692 556 3768 Vesper
569 3711 656 3750 serus
668 3693 767 3761 vehet,
785 3691 861 3749 unde
876 3708 1002 3749 serenas

185 3785 302 3843 Ventus
317 3795 387 3863 agat
401 3787 506 3855 nubes,
524 3784 593 3860 quid
607 3785 717 3861 cogitet
736 3785 872 3842 humidus
885 3784 1008 3854 Auster,

187 3879 237 3936 Sol
251 3879 303 3936 tibi
318 3879 405 3956 signa
419 3878 509 3936 debit.
552 3877 651 3935 Solem
666 3877 731 3952 quis
745 3877 845 3934 dicere
860 3877 968 3935 salsum

187 3971 303 4029 Audeat
317 3971 328 4027 1
350 3972 399 4029 ilie
413 3971 502 4029 etiam
516 3990 613 4028 ctecos
628 3970 739 4027 instare
753 3969 896 4027 tumultus

187 4064 273 4141 serpe
288 4073 397 4135 monet,
413 4064 606 4139 fraudemque
621 4071 650 4120 et
664 4071 767 4139 operta
782 4070 949 4119 tumescere
963 4061 1051 4120 belia.
1112 4061 1172 4118 466
1216 4073 1220 4081 ’

226 4157 281 4215 lile
296 4158 388 4215 etiam
402 4158 546 4215 exstincto
560 4158 716 4215 miseratus
730 4155 855 4215 Caesare
870 4155 1009 4226 Romam,

189 4251 289 4319 Quum
303 4260 393 4328 caput
408 4249 538 4309 obscuri
552 4251 674 4308 nitidum
687 4250 837 4327 ferrugine
849 4249 932 4319 texit,

189 4344 342 4422 Impiaque
357 4353 499 4403 aeternnm
513 4343 672 4401 timuerunt
685 4343 798 4401 saecuia
810 4350 937 4400 noctem.

189 4437 338 4516 Tempore
354 4457 524 4513 quanquam
537 4436 587 4493 illo
601 4436 689 4493 tellus
711 4454 839 4510 quoque,
856 4443 885 4492 et
900 4452 1022 4510 aequora
1035 4430 1126 4511 ponti,

191 4530 393 4606 Obscoenique
408 4548 510 4601 cenes,
526 4529 759 4607 importuneque
773 4527 920 4597 volucres,
1113 4521 1173 4581 sto
