2692 5122
184 420 244 482 ³10
470 417 498 464 r.
519 414 688 464 vinorum
713 414 885 465 uanours

185 555 365 635 lmplicudre
379 557 503 614 interae
519 556 611 626 acies,
628 556 760 634 legitque
776 556 869 613 virum
885 553 952 611 vir:

184 651 262 708 Turn
276 651 347 708 verb
362 660 391 707 et
405 651 534 728 gemitus
548 647 735 720 morientum,
752 656 780 706 et
796 645 987 725 sanguinein
1006 644 1067 703 alto

183 746 348 820 Armaque,
366 764 562 820 corporaque,
580 752 609 800 et
624 743 760 820 permixti
775 741 857 800 caede
873 741 1003 798 virorum

184 838 367 895 Semanimes
382 839 540 895 volvuntur
554 837 622 913 equi
641 856 648 906 ;
673 855 773 915 pugna
789 854 897 913 aspera
910 833 1015 911 surgit.
1118 831 1180 889 685

183 931 359 990 Orsilochus
374 932 505 1002 Remuli,
524 931 641 1007 quando
656 931 752 1009 ipsum
767 931 909 987 horrebat
923 928 1017 997 adire,

182 1024 311 1083 Hastam
327 1026 440 1083 intorsit
454 1044 542 1101 equo,
560 1025 731 1100 ferrumque
746 1026 801 1081 sub
816 1041 889 1080 aure
904 1020 1034 1096 reliquit.

185 1118 255 1185 Quo
271 1118 390 1195 sonipes
405 1119 465 1176 ictu
481 1117 550 1175 surit
565 1117 685 1189 arduus,
703 1118 823 1194 altaque
840 1117 946 1192 jactat,

181 1210 324 1269 Vulneris
340 1211 505 1289 impatiens,
523 1220 641 1269 arrecto
657 1220 788 1289 pectore,
806 1229 905 1268 crura.

184 1304 322 1363 Volvitur
337 1307 385 1363 ille
401 1325 545 1363 excussus
560 1305 650 1363 humi.
695 1305 824 1364 Catillus
840 1304 935 1374 lolan,

183 1397 400 1476 lugentemque
415 1399 531 1469 animis,
549 1398 698 1475 ingentem
713 1416 838 1476 corpore
854 1404 883 1454 et
897 1395 998 1466 armis,

183 1490 295 1567 Dejicit
310 1492 500 1549 Herminium
516 1510 523 1560 ;
548 1491 626 1548 nudo
641 1492 691 1549 cui
705 1492 817 1549 vertice
833 1491 914 1548 fulva

181 1583 344 1655 Caesaries,
361 1585 491 1660 nudique
506 1585 620 1641 humeri
635 1605 642 1653 ;
667 1603 724 1642 nee
739 1585 864 1642 vulnera
877 1590 990 1642 terrent
1005 1602 1012 1653 3

181 1679 298 1737 Tantus
312 1679 341 1736 in
355 1697 438 1736 arma
453 1686 543 1755 patet.
587 1677 679 1736 Latos
694 1678 763 1734 huic
779 1678 865 1735 hasta
879 1675 933 1755 per'
947 1696 1045 1736 armos

180 1771 262 1832 Aeta
275 1773 383 1842 tremit,
400 1770 591 1848 duplicatque
607 1772 702 1829 virum
717 1771 862 1828 transfixa
876 1771 988 1830 dolore.

180 1865 329 1924 Funditur
343 1875 409 1923 ater
424 1865 533 1941 ubique
549 1883 659 1922 cruor:
683 1864 754 1922 dant
769 1865 875 1923 funera
890 1865 967 1923 ferro

181 1959 355 2031 Certantes,
373 1959 587 2036 pulchramque
603 1966 704 2036 petunt
720 1977 774 2036 per
787 1960 912 2017 vulnera
925 1968 1059 2017 mortem.

218 2057 260 2113 At
274 2053 387 2111 medias
402 2053 479 2110 inter
493 2053 593 2110 caedes
608 2053 735 2110 exsultat
750 2054 896 2124 Amazon,

180 2146 279 2206 Unum
294 2154 413 2204 exserta
427 2147 505 2204 latus
520 2166 639 2225 pugnae,
660 2147 833 2222 pharetrata
848 2146 999 2216 Camilla;

180 2243 222 2300 Et
240 2262 319 2300 nunc
334 2243 414 2299 lenta
429 2260 516 2299 manu
532 2261 678 2320 spargens
693 2241 811 2299 hastilia
826 2242 940 2314 denset,

179 2336 208 2395 N
212 2356 270 2393 unc
287 2336 415 2393 validam
429 2330 535 2392 dextri
549 2335 625 2413 rapit
640 2334 790 2392 indefessa
807 2334 973 2413 bipennem.

179 2429 300 2488 Aureus
316 2448 353 2484 ex
367 2428 492 2485 humero
507 2436 593 2484 sonat
608 2447 707 2499 arcus,
725 2437 753 2486 et
769 2448 851 2486 arma
864 2428 982 2487 Dianae.

181 2520 238 2580 lllu
253 2523 353 2592 etiam,
371 2522 396 2577 si
412 2520 530 2597 quaudo
544 2521 573 2577 in
588 2532 705 2598 tergum
720 2523 805 2598 pulsa
820 2522 955 2593 recessit,

180 2615 302 2693 Spicula
315 2633 460 2672 converso
477 2614 621 2691 fugientia
635 2615 734 2693 dirigit
750 2635 832 2674 areu.

180 2708 220 2767 At
235 2708 348 2766 circium
363 2708 449 2765 lectar
465 2707 600 2778 comites,
616 2706 790 2785 Larinaque
806 2709 900 2787 virgo,

178 2802 340 2877 Tullaque,
358 2809 386 2858 et
402 2809 524 2858 aeratam
540 2801 678 2877 quatiens
692 2801 824 2878 Tarpeia
838 2800 977 2873 securim,

178 2894 301 2953 italides
316 2914 323 2963 ;
349 2914 423 2970 quas
438 2894 502 2971 ipsa
517 2895 611 2952 decus
625 2895 680 2952 sibi
695 2895 744 2953 dia
759 2896 889 2955 Camilla

176 2986 310 3067 Delegit,
328 2989 469 3066 pacisque
484 2990 578 3046 bonas
593 2989 722 3066 bellique
738 2990 896 3047 ministras.

179 3083 294 3150 Quales
309 3082 470 3153 Threiciae,
489 3102 578 3158 quum
594 3082 715 3139 flumina
729 3081 961 3140 Thermodontis

179 3174 315 3248 Pulsant,
334 3186 362 3235 et
377 3177 463 3254 pictis
479 3179 628 3236 bellantur
642 3178 814 3236 Amazones
829 3178 940 3247 armis;

178 3272 238 3328 Seu
254 3272 367 3328 circum
382 3268 579 3348 Hippolyten,
596 3291 650 3329 seu
666 3292 755 3348 quum
773 3292 804 3329 se
821 3271 936 3329 Martia
951 3291 1041 3330 curru

175 3362 368 3422 Penthesilea
381 3364 483 3434 refert,
500 3384 669 3442 magnoque
684 3367 815 3423 ululante
830 3366 957 3423 tumultu

175 3457 332 3516 Foeminea
347 3458 495 3515 exsultant
510 3458 619 3516 lunatis
633 3460 751 3537 agmina
769 3460 864 3536 peltis.

177 3551 276 3618 Quem
290 3551 350 3608 telo
366 3551 501 3628 primum,
519 3571 607 3628 quem
622 3561 812 3629 postremum,
829 3572 937 3631 aspera
951 3553 1046 3632 virge,

175 3643 292 3719 Dejicis
309 3644 319 3700 ἒ
342 3651 391 3702 aut
407 3653 476 3720 quot
491 3644 573 3702 humi
586 3646 741 3704 morientia
756 3666 883 3725 corpora
897 3647 1020 3706 tundis?
1109 3648 1170 3708 665

175 3736 322 3795 Eunaeum
338 3737 439 3814 Clytio
455 3739 578 3816 primum
594 3747 690 3816 patre,
707 3740 793 3816 eujus
808 3750 944 3818 apertum

175 3829 304 3888 Adversi
320 3830 410 3908 longai
424 3834 648 3890 transverberat
664 3834 761 3892 abiete
777 3846 899 3911 pectus:

176 3923 337 3999 Sanguinis
352 3925 400 3982 ille
415 3946 537 3984 vomens
551 3927 631 3985 rivos
646 3927 736 3999 eadit,
753 3936 842 4005 atque
863 3939 1019 3989 cruentam

175 4015 292 4074 Mandit
306 4018 436 4090 humum,
452 4021 642 4097 moriensque
657 4041 711 4079 suo
726 4041 758 4079 se
774 4022 802 4078 in
819 4022 940 4080 vulnere
956 4030 1064 4082 versat.

175 4109 254 4167 Tum
268 4109 372 4181 Lirim,
389 4112 600 4190 Pagasumque
616 4114 706 4191 super
722 4133 730 4183 ;
755 4133 878 4190 quorum
894 4117 970 4175 alter
983 4117 1120 4175 habenas

176 4203 308 4262 Suffosso
323 4206 476 4265 revolutus
489 4225 567 4284 equo
582 4206 652 4265 dum
666 4207 789 4286 colligit,
811 4207 888 4267 alter
1107 4214 1163 4270 6⁷1
