2692 5122
184 392 244 453 ³00
470 391 497 439 v.
517 391 683 440 vmomn
702 392 874 442 mancum

184 527 321 587 Fatalem
335 531 460 588 AEnean
474 532 632 589 manifesto
650 533 769 590 numine
784 533 855 590 ferri

184 621 333 682 Admonet
348 625 392 682 ira
406 625 504 696 deam,
520 626 685 700 tumulique
701 634 768 682 ante
783 644 836 682 ora
850 631 999 684 recentes.

184 715 268 794 Ergo
283 718 441 776 concilium
455 738 605 796 magnum,
623 719 793 794 primosque
808 737 930 775 suorum

185 808 313 887 Imperio
328 813 453 883 accitos,
470 814 530 869 alta
546 813 623 869 intra
638 812 738 868 limina
751 811 841 888 cogit.

184 900 244 960 Olli
258 904 437 976 convenere,
455 906 608 981 fluuntque
624 905 660 962 ad
675 906 760 982 regia
775 905 869 982 plenis

183 997 281 1055 Tecta
295 999 361 1057 viis.
404 1000 493 1057 Sedet
508 1000 537 1057 in
552 1000 666 1070 mediis,
683 1008 712 1056 et
726 999 871 1056 maximus
886 1018 961 1070 aevo,

183 1090 223 1149 Et
238 1093 350 1168 primus
364 1094 501 1170 sceptriS,
519 1093 597 1150 haud
612 1091 681 1151 laett
695 1092 802 1162 fronte,
818 1091 955 1151 Latinus.

182 1185 283 1262 Atque
298 1185 347 1244 hic
362 1187 477 1264 legatos
490 1185 599 1245 AEtott
613 1206 650 1243 ex
665 1188 738 1242 urbe
753 1186 904 1256 remissos,

183 1274 261 1343 Quae
276 1279 418 1351 reserant,
434 1281 490 1338 sari
501 1281 596 1356 jubet,
614 1288 643 1336 ct
658 1299 802 1355 responsa
816 1279 945 1355 reposcit

183 1369 295 1429 Ordine
310 1382 420 1430 cuncta
435 1394 498 1432 suo.
541 1374 618 1430 Tum
634 1373 714 1430 sacta
729 1373 845 1430 silentia
860 1371 980 1450 linguis,

114 1483 118 1500 ¹
181 1463 222 1523 Et
235 1464 383 1538 Venulus,
400 1467 478 1525 dicto
494 1486 612 1544 parens,
629 1468 670 1525 ita
685 1467 775 1523 farier
789 1466 872 1522 infit:

220 1557 368 1630 Vidimus,
385 1580 403 1616 o
417 1560 509 1630 cives,
525 1560 671 1617 Diomede
685 1558 860 1636 Argivaque
875 1565 975 1616 castra
990 1577 999 1629 ;
1079 1551 1081 1555 ⁷

181 1649 293 1728 Atque,
308 1653 365 1709 iter
378 1655 500 1723 emensi,
518 1673 606 1710 casus
621 1653 826 1729 superavimus
841 1671 943 1709 omncs
958 1670 965 1721 3

182 1745 431 1824 Contigimusque
446 1768 576 1819 manum,
593 1748 651 1824 qud
666 1747 793 1804 concidit
808 1747 865 1803 Ilia
878 1748 976 1806 tellus.

181 1837 236 1896 Ille
251 1842 355 1897 urbem
370 1841 562 1917 Argyripam,
579 1841 681 1917 patriae
697 1840 873 1917 cognomine
888 1841 996 1917 gentis,

180 1932 286 1991 Victor
299 1932 437 2011 Gargani
451 1934 599 1992 condebat
615 1934 735 2010 lapygis
750 1933 839 1991 arvis.

180 2026 343 2103 Postquam
358 2028 545 2105 introgressi,
563 2036 591 2084 et
607 2029 708 2084 cordm
722 2026 793 2083 data
807 2026 893 2102 copia
908 2026 998 2096 sandi,

179 2119 309 2179 Munera
324 2121 519 2197 praeferimus,
536 2140 642 2178 nomen
658 2121 842 2198 patriamque
858 2119 998 2176 docemus
1013 2139 1020 2186 ;

180 2212 243 2279 Qui
256 2214 366 2271 bellum
381 2214 542 2283 intulerint,
560 2234 626 2289 quae
641 2233 733 2271 causa
752 2212 905 2270 attraxerit
918 2214 1027 2288 Arpos.

179 2306 297 2364 Auditis
312 2307 360 2363 ille
376 2307 440 2364 haec
456 2307 572 2384 placido
586 2308 629 2364 sic
644 2306 769 2364 reddidit
785 2323 857 2363 ore:

180 2398 207 2457 Ο
222 2399 377 2456 fortunatae
392 2413 507 2476 gentes,
525 2400 665 2456 Saturnia
678 2419 782 2477 regna,

179 2494 301 2568 Antiqui
315 2494 451 2564 Ausonii,
470 2515 535 2569 quae
552 2517 604 2552 vos
618 2495 736 2551 fortuna
752 2495 869 2570 quietos

180 2587 333 2657 Sollicitat,
351 2587 516 2663 suadetque
532 2589 633 2663 ignota
646 2588 797 2645 lacessere
812 2586 916 2644 bella?

180 2678 370 2755 Quicumque
386 2679 495 2736 Iliacos
511 2681 589 2737 serro
604 2680 778 2737 violavimus
793 2700 893 2756 agros,

180 2772 281 2850 (Mitto
296 2793 343 2844 ca,
361 2793 427 2848 quae
443 2774 535 2830 muris
550 2773 687 2830 bellando
702 2773 847 2829 exhausta
860 2774 915 2831 sub
931 2774 1010 2845 altis,

178 2866 264 2933 Quos
279 2867 386 2924 Simois
401 2876 512 2943 premat
528 2868 576 2924 ille
592 2866 697 2944 viros,)
713 2866 832 2924 infanda
846 2886 900 2942 per
912 2868 1015 2923 orbem

178 2961 339 3037 Supplicia,
356 2969 385 3017 et
399 2960 547 3018 scelerum
563 2980 667 3037 poenas
686 2959 877 3037 expendimus
891 2978 1003 3030 omnes,

177 3053 235 3111 Vel
250 3053 369 3111 Priamo
383 3055 551 3111 miseranda
566 3073 679 3112 manus.
723 3054 784 3110 Scit
799 3054 882 3110 triste
898 3053 1045 3112 Minervae

178 3147 276 3216 Sidus,
294 3157 323 3203 et
338 3148 482 3205 Euboicae
498 3157 612 3217 cautes,
630 3149 766 3222 ultorque
782 3147 969 3223 Caphereus.

176 3238 286 3296 Militid
300 3259 336 3296 ex
350 3239 402 3297 illd
416 3240 564 3297 diversum
580 3241 616 3298 ad
632 3242 712 3298 littus
727 3240 836 3310 adacti,

175 3332 297 3389 Atrides
311 3333 412 3389 Protei
426 3333 585 3390 Menelaus
601 3334 734 3409 adusque
750 3335 903 3390 columnas

175 3424 301 3481 Exsulat
316 3443 323 3492 ;
349 3425 486 3481 AEtnaeos
501 3425 571 3482 vidit
589 3426 741 3503 Cyclopas
755 3426 888 3501 Ulysses.

175 3517 285 3595 Regna
298 3518 486 3594 Neoptolemi
502 3519 639 3588 reseram,
657 3539 819 3594 versosque
834 3519 964 3576 Penates

175 3609 326 3669 Idomenei
341 3612 351 3666 ἓ
392 3611 546 3687 Libycone
562 3613 728 3670 habitantes
743 3614 840 3670 littore
855 3614 970 3671 Locros
985 3612 996 3668 l

175 3703 243 3780 Ipse
256 3704 432 3779 Mycenaeus
448 3724 622 3782 magnorum
636 3706 742 3763 ductor
756 3707 904 3765 Achivirm

175 3793 322 3874 Conjugis
337 3798 464 3856 infandae
480 3800 574 3875 prima
589 3800 666 3857 intra
680 3801 780 3857 limina
794 3799 900 3858 dextris

174 3887 305 3965 Oppetiit
320 3909 327 3959 ;
352 3891 498 3949 devictam
513 3892 616 3948 Asiam
631 3893 763 3950 subsedit
778 3893 902 3951 adulter.

175 3980 321 4040 Invidisse
336 3983 418 4055 deos,
437 3985 537 4061 patriis
553 3994 583 4043 ut
597 3986 730 4043 redditus
744 3986 804 4042 aris
845 4035 849 4044 .

175 4074 355 4153 Conjugium
371 4086 501 4154 optatum
516 4088 545 4135 et
561 4080 714 4155 pulchram
729 4077 884 4152 Calydona
900 4078 1055 4136 viderem!
1098 4077 1160 4134 270

175 4168 264 4231 Nunc
279 4170 368 4228 etiam
382 4172 515 4230 horribili
529 4172 593 4229 visu
608 4181 744 4248 portenta
757 4180 932 4246 sequuntur,
