<?xml version="1.0" encoding="UTF-8"?>
<!DOCTYPE html PUBLIC "-//W3C//DTD XHTML 1.0 Transitional//EN"
    "http://www.w3.org/TR/xhtml1/DTD/xhtml1-transitional.dtd">
<html xmlns="http://www.w3.org/1999/xhtml" xml:lang="en" lang="en">
 <head>
  <title>
</title>
<meta http-equiv="Content-Type" content="text/html;charset=utf-8" />
  <meta name='ocr-system' content='tesseract 3.04.00' />
  <meta name='ocr-capabilities' content='ocr_page ocr_carea ocr_par ocr_line ocrx_word'/>
</head>
<body>
  <div class='ocr_page' id='page_1' title='image "./pvirgiliimaroni00bowegoog/pvirgiliimaroni00bowegoog_0131.png"; bbox 0 0 2692 5122; ppageno 0'>
   <div class='ocr_carea' id='block_1_1' title="bbox 185 400 881 466">
    <p class='ocr_par' dir='ltr' id='par_1_1' title="bbox 185 400 881 466">
     <span class='ocr_line' id='line_1_1' title="bbox 185 400 881 466; baseline -0.009 -11"><span class='ocrx_word' id='word_1_1' title='bbox 185 402 240 466; x_wconf 67' lang='grc'><strong>118</strong></span> <span class='ocrx_word' id='word_1_2' title='bbox 464 403 489 447; x_wconf 87' lang='grc' dir='ltr'><strong>Ρ.</strong></span> <span class='ocrx_word' id='word_1_3' title='bbox 514 401 683 448; x_wconf 77' lang='lat' dir='ltr'>VIRGILII</span> <span class='ocrx_word' id='word_1_4' title='bbox 707 400 881 449; x_wconf 70' lang='lat' dir='ltr'><strong>HARoNlS</strong></span> 
     </span>
    </p>
   </div>
   <div class='ocr_carea' id='block_1_2' title="bbox 85 537 1168 4253">
    <p class='ocr_par' dir='ltr' id='par_1_2' title="bbox 181 537 1040 618">
     <span class='ocr_line' id='line_1_2' title="bbox 181 537 1040 618; baseline -0.006 -18"><span class='ocrx_word' id='word_1_5' title='bbox 181 542 221 600; x_wconf 85' lang='lat' dir='ltr'><strong>Et</strong></span> <span class='ocrx_word' id='word_1_6' title='bbox 235 541 321 599; x_wconf 91' lang='lat' dir='ltr'><strong>lateri</strong></span> <span class='ocrx_word' id='word_1_7' title='bbox 336 540 539 618; x_wconf 75' lang='lat' dir='ltr'>agglomerant</span> <span class='ocrx_word' id='word_1_8' title='bbox 554 551 655 598; x_wconf 92' lang='lat' dir='ltr'><strong>nostro</strong></span> <span class='ocrx_word' id='word_1_9' title='bbox 669 560 677 611; x_wconf 92' lang='grc'><strong>;</strong></span> <span class='ocrx_word' id='word_1_10' title='bbox 697 541 875 616; x_wconf 84' lang='lat' dir='ltr'><strong>juvenisque</strong></span> <span class='ocrx_word' id='word_1_11' title='bbox 890 537 1040 599; x_wconf 76' lang='lat' dir='ltr'><strong>Coroebus</strong></span> 
     </span>
    </p>

    <p class='ocr_par' dir='ltr' id='par_1_3' title="bbox 180 633 880 713">
     <span class='ocr_line' id='line_1_3' title="bbox 180 633 880 713; baseline -0.004 -19"><span class='ocrx_word' id='word_1_12' title='bbox 180 634 397 713; x_wconf 83' lang='lat' dir='ltr'>Mygdonides:</span> <span class='ocrx_word' id='word_1_13' title='bbox 421 633 478 690; x_wconf 89' lang='lat' dir='ltr'><strong>illis</strong></span> <span class='ocrx_word' id='word_1_14' title='bbox 500 634 536 689; x_wconf 84' lang='lat' dir='ltr'><strong>ad</strong></span> <span class='ocrx_word' id='word_1_15' title='bbox 549 634 671 709; x_wconf 85' lang='lat' dir='ltr'><strong>Trojam</strong></span> <span class='ocrx_word' id='word_1_16' title='bbox 687 635 760 692; x_wconf 75' lang='lat' dir='ltr'><strong>sorte</strong></span> <span class='ocrx_word' id='word_1_17' title='bbox 776 634 880 691; x_wconf 86' lang='lat' dir='ltr'><strong>diebus</strong></span> 
     </span>
    </p>

    <p class='ocr_par' dir='ltr' id='par_1_4' title="bbox 180 726 933 798">
     <span class='ocr_line' id='line_1_4' title="bbox 180 726 933 798; baseline -0.001 -14"><span class='ocrx_word' id='word_1_18' title='bbox 180 727 324 798; x_wconf 88' lang='lat' dir='ltr'><strong>Venerat,</strong></span> <span class='ocrx_word' id='word_1_19' title='bbox 340 728 445 784; x_wconf 89' lang='lat' dir='ltr'><strong>insano</strong></span> <span class='ocrx_word' id='word_1_20' title='bbox 461 726 641 785; x_wconf 66' lang='lat' dir='ltr'><strong>Cassandrus</strong></span> <span class='ocrx_word' id='word_1_21' title='bbox 656 728 796 785; x_wconf 88' lang='lat' dir='ltr'><strong>incensus</strong></span> <span class='ocrx_word' id='word_1_22' title='bbox 810 745 910 784; x_wconf 88' lang='lat' dir='ltr'><strong>amore</strong></span> <span class='ocrx_word' id='word_1_23' title='bbox 925 744 933 794; x_wconf 83' lang='lat'>3</span> 
     </span>
    </p>

    <p class='ocr_par' dir='ltr' id='par_1_5' title="bbox 180 819 1012 899">
     <span class='ocr_line' id='line_1_5' title="bbox 180 819 1012 899; baseline -0.006 -19"><span class='ocrx_word' id='word_1_24' title='bbox 180 821 221 880; x_wconf 85' lang='lat' dir='ltr'><strong>Et</strong></span> <span class='ocrx_word' id='word_1_25' title='bbox 235 840 329 899; x_wconf 82' lang='lat' dir='ltr'><strong>gener</strong></span> <span class='ocrx_word' id='word_1_26' title='bbox 342 820 484 878; x_wconf 84' lang='lat' dir='ltr'><strong>auxilium</strong></span> <span class='ocrx_word' id='word_1_27' title='bbox 498 820 617 877; x_wconf 79' lang='lat' dir='ltr'><strong>Priamo</strong></span> <span class='ocrx_word' id='word_1_28' title='bbox 631 820 861 897; x_wconf 77' lang='lat' dir='ltr'><strong>Phrygibusque</strong></span> <span class='ocrx_word' id='word_1_29' title='bbox 876 819 1012 886; x_wconf 58' lang='lat' dir='ltr'><strong>ferebam</strong></span> 
     </span>
    </p>

    <p class='ocr_par' dir='ltr' id='par_1_6' title="bbox 181 908 1168 991">
     <span class='ocr_line' id='line_1_6' title="bbox 181 908 1168 991; baseline -0.005 -18"><span class='ocrx_word' id='word_1_30' title='bbox 181 908 298 985; x_wconf 79' lang='lat' dir='ltr'><strong>Infelix,</strong></span> <span class='ocrx_word' id='word_1_31' title='bbox 316 914 365 991; x_wconf 93' lang='lat' dir='ltr'><strong>qui</strong></span> <span class='ocrx_word' id='word_1_32' title='bbox 380 934 438 971; x_wconf 92' lang='lat' dir='ltr'><strong>non</strong></span> <span class='ocrx_word' id='word_1_33' title='bbox 452 933 568 991; x_wconf 70' lang='lat' dir='ltr'><strong>sponsae</strong></span> <span class='ocrx_word' id='word_1_34' title='bbox 584 922 734 990; x_wconf 81' lang='lat' dir='ltr'><strong>praecepte</strong></span> <span class='ocrx_word' id='word_1_35' title='bbox 747 913 872 971; x_wconf 85' lang='lat' dir='ltr'><strong>furentis</strong></span> <span class='ocrx_word' id='word_1_36' title='bbox 1107 910 1168 968; x_wconf 74' lang='lat' dir='ltr'><strong>ato</strong></span> 
     </span>
    </p>

    <p class='ocr_par' dir='ltr' id='par_1_7' title="bbox 181 1006 329 1067">
     <span class='ocr_line' id='line_1_7' title="bbox 181 1006 329 1067; baseline -0.014 0"><span class='ocrx_word' id='word_1_37' title='bbox 181 1006 329 1067; x_wconf 79' lang='lat' dir='ltr'><strong>Audierit.</strong></span> 
     </span>
    </p>

    <p class='ocr_par' dir='ltr' id='par_1_8' title="bbox 181 1098 868 1177">
     <span class='ocr_line' id='line_1_8' title="bbox 181 1098 868 1177; baseline -0.003 -20"><span class='ocrx_word' id='word_1_38' title='bbox 181 1100 267 1168; x_wconf 78' lang='lat' dir='ltr'><strong>Quos</strong></span> <span class='ocrx_word' id='word_1_39' title='bbox 281 1100 330 1158; x_wconf 94' lang='lat' dir='ltr'><strong>ubi</strong></span> <span class='ocrx_word' id='word_1_40' title='bbox 344 1099 494 1158; x_wconf 81' lang='lat' dir='ltr'><strong>consertos</strong></span> <span class='ocrx_word' id='word_1_41' title='bbox 508 1099 619 1157; x_wconf 90' lang='lat' dir='ltr'><strong>audere</strong></span> <span class='ocrx_word' id='word_1_42' title='bbox 634 1100 663 1156; x_wconf 94' lang='lat' dir='ltr'><strong>in</strong></span> <span class='ocrx_word' id='word_1_43' title='bbox 678 1100 784 1177; x_wconf 86' lang='lat' dir='ltr'><strong>proelia</strong></span> <span class='ocrx_word' id='word_1_44' title='bbox 798 1098 868 1168; x_wconf 84' lang='lat' dir='ltr'><strong>vidi,</strong></span> 
     </span>
    </p>

    <p class='ocr_par' dir='ltr' id='par_1_9' title="bbox 180 1191 944 1270">
     <span class='ocr_line' id='line_1_9' title="bbox 180 1191 944 1270; baseline -0.004 -19"><span class='ocrx_word' id='word_1_45' title='bbox 180 1192 294 1270; x_wconf 82' lang='lat' dir='ltr'><strong>Incipio</strong></span> <span class='ocrx_word' id='word_1_46' title='bbox 307 1212 396 1269; x_wconf 90' lang='lat' dir='ltr'><strong>super</strong></span> <span class='ocrx_word' id='word_1_47' title='bbox 409 1193 455 1250; x_wconf 89' lang='lat' dir='ltr'><strong>his</strong></span> <span class='ocrx_word' id='word_1_48' title='bbox 470 1212 475 1248; x_wconf 94' lang='lat'><strong>:</strong></span> <span class='ocrx_word' id='word_1_49' title='bbox 497 1193 518 1251; x_wconf 92' lang='lat' dir='ltr'>J</span> <span class='ocrx_word' id='word_1_50' title='bbox 521 1212 642 1262; x_wconf 85' lang='lat' dir='ltr'><strong>urones,</strong></span> <span class='ocrx_word' id='word_1_51' title='bbox 659 1193 818 1250; x_wconf 84' lang='lat' dir='ltr'><strong>fortissima</strong></span> <span class='ocrx_word' id='word_1_52' title='bbox 831 1191 944 1250; x_wconf 75' lang='lat' dir='ltr'><strong>srustrc</strong></span> 
     </span>
    </p>

    <p class='ocr_par' dir='ltr' id='par_1_10' title="bbox 178 1285 899 1366">
     <span class='ocr_line' id='line_1_10' title="bbox 178 1285 899 1366; baseline -0.004 -21"><span class='ocrx_word' id='word_1_53' title='bbox 178 1286 319 1356; x_wconf 78' lang='lat' dir='ltr'>Pectora,</span> <span class='ocrx_word' id='word_1_54' title='bbox 336 1286 361 1342; x_wconf 87' lang='lat' dir='ltr'><strong>ei</strong></span> <span class='ocrx_word' id='word_1_55' title='bbox 376 1285 459 1366; x_wconf 72' lang='lat' dir='ltr'><strong>vobis</strong></span> <span class='ocrx_word' id='word_1_56' title='bbox 473 1286 631 1344; x_wconf 75' lang='lat' dir='ltr'><strong>audentem</strong></span> <span class='ocrx_word' id='word_1_57' title='bbox 645 1294 778 1343; x_wconf 85' lang='lat' dir='ltr'><strong>extrema</strong></span> <span class='ocrx_word' id='word_1_58' title='bbox 793 1285 899 1361; x_wconf 93' lang='lat' dir='ltr'><strong>cupido</strong></span> 
     </span>
    </p>

    <p class='ocr_par' dir='ltr' id='par_1_11' title="bbox 180 1376 1168 1455">
     <span class='ocr_line' id='line_1_11' title="bbox 180 1376 1168 1455; baseline -0.004 -18"><span class='ocrx_word' id='word_1_59' title='bbox 180 1376 275 1439; x_wconf 86' lang='lat' dir='ltr'><strong>Certa</strong></span> <span class='ocrx_word' id='word_1_60' title='bbox 289 1379 384 1455; x_wconf 88' lang='lat' dir='ltr'><strong>sequi,</strong></span> <span class='ocrx_word' id='word_1_61' title='bbox 402 1377 482 1455; x_wconf 82' lang='lat' dir='ltr'><strong>(quae</strong></span> <span class='ocrx_word' id='word_1_62' title='bbox 497 1381 534 1437; x_wconf 88' lang='lat' dir='ltr'><strong>sit</strong></span> <span class='ocrx_word' id='word_1_63' title='bbox 549 1382 639 1437; x_wconf 88' lang='lat' dir='ltr'><strong>rebus</strong></span> <span class='ocrx_word' id='word_1_64' title='bbox 653 1381 770 1437; x_wconf 83' lang='lat' dir='ltr'><strong>fortuna</strong></span> <span class='ocrx_word' id='word_1_65' title='bbox 784 1378 908 1435; x_wconf 83' lang='lat' dir='ltr'><strong>ridetis:</strong></span> <span class='ocrx_word' id='word_1_66' title='bbox 1105 1376 1168 1433; x_wconf 76' lang='lat'><strong>350</strong></span> 
     </span>
    </p>

    <p class='ocr_par' dir='ltr' id='par_1_12' title="bbox 179 1470 861 1548">
     <span class='ocr_line' id='line_1_12' title="bbox 179 1470 861 1548; baseline -0.004 -18"><span class='ocrx_word' id='word_1_67' title='bbox 179 1470 348 1531; x_wconf 72' lang='lat' dir='ltr'><strong>Excessdre</strong></span> <span class='ocrx_word' id='word_1_68' title='bbox 363 1492 476 1543; x_wconf 89' lang='lat' dir='ltr'><strong>omnes,</strong></span> <span class='ocrx_word' id='word_1_69' title='bbox 494 1472 590 1548; x_wconf 81' lang='lat' dir='ltr'><strong>adytis</strong></span> <span class='ocrx_word' id='word_1_70' title='bbox 605 1473 725 1548; x_wconf 83' lang='lat' dir='ltr'><strong>orisque</strong></span> <span class='ocrx_word' id='word_1_71' title='bbox 740 1472 861 1541; x_wconf 88' lang='lat' dir='ltr'><strong>relictis,</strong></span> 
     </span>
    </p>

    <p class='ocr_par' dir='ltr' id='par_1_13' title="bbox 177 1562 1017 1648">
     <span class='ocr_line' id='line_1_13' title="bbox 177 1562 1017 1648; baseline -0.004 -25"><span class='ocrx_word' id='word_1_72' title='bbox 177 1565 220 1624; x_wconf 89' lang='lat' dir='ltr'><strong>Di</strong></span> <span class='ocrx_word' id='word_1_73' title='bbox 236 1565 341 1642; x_wconf 87' lang='lat' dir='ltr'><strong>quibus</strong></span> <span class='ocrx_word' id='word_1_74' title='bbox 356 1566 509 1642; x_wconf 90' lang='lat' dir='ltr'><strong>imperium</strong></span> <span class='ocrx_word' id='word_1_75' title='bbox 524 1566 581 1623; x_wconf 89' lang='lat' dir='ltr'><strong>boc</strong></span> <span class='ocrx_word' id='word_1_76' title='bbox 594 1573 739 1622; x_wconf 84' lang='lat' dir='ltr'><strong>steterat:</strong></span> <span class='ocrx_word' id='word_1_77' title='bbox 762 1564 937 1648; x_wconf 80' lang='lat' dir='ltr'><strong>succurritis</strong></span> <span class='ocrx_word' id='word_1_78' title='bbox 950 1562 1017 1620; x_wconf 92' lang='lat' dir='ltr'><strong>urbi</strong></span> 
     </span>
    </p>

    <p class='ocr_par' dir='ltr' id='par_1_14' title="bbox 178 1640 995 1735">
     <span class='ocr_line' id='line_1_14' title="bbox 178 1640 995 1735; baseline -0.004 -19"><span class='ocrx_word' id='word_1_79' title='bbox 178 1646 315 1717; x_wconf 76' lang='lat' dir='ltr'><strong>lncen&#39;s‘ae</strong></span> <span class='ocrx_word' id='word_1_80' title='bbox 329 1658 352 1735; x_wconf 87' lang='lat'><strong>:)</strong></span> <span class='ocrx_word' id='word_1_81' title='bbox 374 1659 545 1728; x_wconf 86' lang='lat' dir='ltr'><strong>moriamur,</strong></span> <span class='ocrx_word' id='word_1_82' title='bbox 561 1665 589 1714; x_wconf 89' lang='lat' dir='ltr'><strong>et</strong></span> <span class='ocrx_word' id='word_1_83' title='bbox 605 1658 633 1714; x_wconf 93' lang='lat' dir='ltr'><strong>in</strong></span> <span class='ocrx_word' id='word_1_84' title='bbox 648 1658 745 1714; x_wconf 83' lang='lat' dir='ltr'><strong>media</strong></span> <span class='ocrx_word' id='word_1_85' title='bbox 760 1640 856 1713; x_wconf 54' lang='lat' dir='ltr'><strong>arma*</strong></span> <span class='ocrx_word' id='word_1_86' title='bbox 856 1666 995 1714; x_wconf 77' lang='lat' dir='ltr'><strong>ruamus:</strong></span> 
     </span>
    </p>

    <p class='ocr_par' dir='ltr' id='par_1_15' title="bbox 177 1749 856 1827">
     <span class='ocr_line' id='line_1_15' title="bbox 177 1749 856 1827; baseline -0.001 -18"><span class='ocrx_word' id='word_1_87' title='bbox 177 1749 247 1809; x_wconf 91' lang='lat' dir='ltr'><strong>Una</strong></span> <span class='ocrx_word' id='word_1_88' title='bbox 261 1752 342 1809; x_wconf 87' lang='lat' dir='ltr'><strong>salus</strong></span> <span class='ocrx_word' id='word_1_89' title='bbox 357 1752 443 1809; x_wconf 81' lang='lat' dir='ltr'><strong>victis</strong></span> <span class='ocrx_word' id='word_1_90' title='bbox 457 1752 568 1809; x_wconf 87' lang='lat' dir='ltr'><strong>nullam</strong></span> <span class='ocrx_word' id='word_1_91' title='bbox 582 1769 705 1827; x_wconf 86' lang='lat' dir='ltr'><strong>sperare</strong></span> <span class='ocrx_word' id='word_1_92' title='bbox 720 1750 856 1808; x_wconf 86' lang='lat' dir='ltr'><strong>salutern.</strong></span> 
     </span>
    </p>

    <p class='ocr_par' dir='ltr' id='par_1_16' title="bbox 179 1842 1166 1929">
     <span class='ocr_line' id='line_1_16' title="bbox 179 1842 1166 1929; baseline -0.002 -27"><span class='ocrx_word' id='word_1_93' title='bbox 179 1845 229 1903; x_wconf 83' lang='lat' dir='ltr'><strong>Sic</strong></span> <span class='ocrx_word' id='word_1_94' title='bbox 243 1845 347 1902; x_wconf 85' lang='lat' dir='ltr'><strong>animis</strong></span> <span class='ocrx_word' id='word_1_95' title='bbox 363 1845 507 1919; x_wconf 85' lang='lat' dir='ltr'><strong>juvenum</strong></span> <span class='ocrx_word' id='word_1_96' title='bbox 520 1844 603 1902; x_wconf 80' lang='lat' dir='ltr'><strong>furor</strong></span> <span class='ocrx_word' id='word_1_97' title='bbox 616 1844 741 1902; x_wconf 85' lang='lat' dir='ltr'><strong>additus.</strong></span> <span class='ocrx_word' id='word_1_98' title='bbox 784 1843 865 1914; x_wconf 91' lang='lat' dir='ltr'><strong>Inde,</strong></span> <span class='ocrx_word' id='word_1_99' title='bbox 880 1842 942 1918; x_wconf 94' lang='lat' dir='ltr'><strong>lupi</strong></span> <span class='ocrx_word' id='word_1_100' title='bbox 956 1860 1013 1929; x_wconf 66' lang='lat' dir='ltr'><strong>ceu</strong></span> <span class='ocrx_word' id='word_1_101' title='bbox 1104 1843 1166 1900; x_wconf 77' lang='grc'><strong>866</strong></span> 
     </span>
    </p>

    <p class='ocr_par' dir='ltr' id='par_1_17' title="bbox 177 1933 966 2015">
     <span class='ocr_line' id='line_1_17' title="bbox 177 1933 966 2015; baseline -0.005 -20"><span class='ocrx_word' id='word_1_102' title='bbox 177 1937 339 2015; x_wconf 79' lang='lat' dir='ltr'><strong>Raptores,</strong></span> <span class='ocrx_word' id='word_1_103' title='bbox 357 1935 424 1995; x_wconf 69' lang='lat' dir='ltr'><strong>atrd</strong></span> <span class='ocrx_word' id='word_1_104' title='bbox 437 1938 466 1994; x_wconf 94' lang='lat' dir='ltr'><strong>in</strong></span> <span class='ocrx_word' id='word_1_105' title='bbox 482 1936 601 2007; x_wconf 66' lang='lat' dir='ltr'><strong>nebulai,</strong></span> <span class='ocrx_word' id='word_1_106' title='bbox 619 1956 693 2012; x_wconf 87' lang='lat' dir='ltr'><strong>quos</strong></span> <span class='ocrx_word' id='word_1_107' title='bbox 707 1937 840 2013; x_wconf 89' lang='lat' dir='ltr'><strong>improba</strong></span> <span class='ocrx_word' id='word_1_108' title='bbox 855 1933 966 1993; x_wconf 83' lang='lat' dir='ltr'><strong>veirtris</strong></span> 
     </span>
    </p>

    <p class='ocr_par' dir='ltr' id='par_1_18' title="bbox 177 2032 805 2113">
     <span class='ocr_line' id='line_1_18' title="bbox 177 2032 805 2113; baseline -0.006 -21"><span class='ocrx_word' id='word_1_109' title='bbox 177 2032 289 2113; x_wconf 69' lang='lat' dir='ltr'><strong>Exegit</strong></span> <span class='ocrx_word' id='word_1_110' title='bbox 305 2052 402 2091; x_wconf 77' lang='lat' dir='ltr'><strong>caecos</strong></span> <span class='ocrx_word' id='word_1_111' title='bbox 416 2033 527 2102; x_wconf 79' lang='lat' dir='ltr'><strong>rabies,</strong></span> <span class='ocrx_word' id='word_1_112' title='bbox 543 2032 694 2108; x_wconf 79' lang='lat' dir='ltr'><strong>catulique</strong></span> <span class='ocrx_word' id='word_1_113' title='bbox 708 2032 805 2089; x_wconf 90' lang='lat' dir='ltr'><strong>relicti</strong></span> 
     </span>
    </p>

    <p class='ocr_par' dir='ltr' id='par_1_19' title="bbox 177 2124 977 2202">
     <span class='ocr_line' id='line_1_19' title="bbox 177 2124 977 2202; baseline -0.005 -18"><span class='ocrx_word' id='word_1_114' title='bbox 177 2124 331 2184; x_wconf 77' lang='lat' dir='ltr'><strong>Faucibus</strong></span> <span class='ocrx_word' id='word_1_115' title='bbox 345 2134 519 2202; x_wconf 82' lang='lat' dir='ltr'><strong>exspectant</strong></span> <span class='ocrx_word' id='word_1_116' title='bbox 531 2125 631 2195; x_wconf 86' lang='lat' dir='ltr'><strong>siccis,</strong></span> <span class='ocrx_word' id='word_1_117' title='bbox 648 2144 701 2201; x_wconf 90' lang='lat' dir='ltr'><strong>per</strong></span> <span class='ocrx_word' id='word_1_118' title='bbox 713 2125 784 2195; x_wconf 91' lang='lat' dir='ltr'><strong>tela,</strong></span> <span class='ocrx_word' id='word_1_119' title='bbox 801 2142 853 2200; x_wconf 92' lang='lat' dir='ltr'><strong>per</strong></span> <span class='ocrx_word' id='word_1_120' title='bbox 866 2125 977 2194; x_wconf 89' lang='lat' dir='ltr'><strong>hostes,</strong></span> 
     </span>
    </p>

    <p class='ocr_par' dir='ltr' id='par_1_20' title="bbox 177 2216 1091 2293">
     <span class='ocr_line' id='line_1_20' title="bbox 177 2216 1091 2293; baseline 0.001 -19"><span class='ocrx_word' id='word_1_121' title='bbox 177 2217 323 2276; x_wconf 83' lang='lat' dir='ltr'><strong>Vadimus</strong></span> <span class='ocrx_word' id='word_1_122' title='bbox 337 2219 416 2276; x_wconf 84' lang='lat' dir='ltr'><strong>haud</strong></span> <span class='ocrx_word' id='word_1_123' title='bbox 431 2218 550 2275; x_wconf 91' lang='lat' dir='ltr'><strong>dubiam</strong></span> <span class='ocrx_word' id='word_1_124' title='bbox 565 2219 594 2274; x_wconf 91' lang='lat' dir='ltr'><strong>in</strong></span> <span class='ocrx_word' id='word_1_125' title='bbox 608 2228 732 2275; x_wconf 85' lang='lat' dir='ltr'><strong>mortem</strong></span> <span class='ocrx_word' id='word_1_126' title='bbox 746 2237 754 2286; x_wconf 89' lang='lat'>;</span> <span class='ocrx_word' id='word_1_127' title='bbox 776 2216 941 2293; x_wconf 86' lang='lat' dir='ltr'><strong>mediaeque</strong></span> <span class='ocrx_word' id='word_1_128' title='bbox 955 2226 1091 2276; x_wconf 84' lang='lat' dir='ltr'><strong>tenemus</strong></span> 
     </span>
    </p>

    <p class='ocr_par' dir='ltr' id='par_1_21' title="bbox 85 2309 1166 2478">
     <span class='ocr_line' id='line_1_21' title="bbox 177 2309 1166 2369; baseline 0 0"><span class='ocrx_word' id='word_1_129' title='bbox 177 2309 267 2369; x_wconf 86' lang='lat' dir='ltr'><strong>Urbis</strong></span> <span class='ocrx_word' id='word_1_130' title='bbox 282 2312 357 2369; x_wconf 86' lang='lat' dir='ltr'><strong>iter:</strong></span> <span class='ocrx_word' id='word_1_131' title='bbox 380 2332 438 2369; x_wconf 87' lang='lat' dir='ltr'><strong>nox</strong></span> <span class='ocrx_word' id='word_1_132' title='bbox 453 2321 519 2368; x_wconf 86' lang='lat' dir='ltr'><strong>utra</strong></span> <span class='ocrx_word' id='word_1_133' title='bbox 533 2310 611 2368; x_wconf 70' lang='lat' dir='ltr'><strong>card</strong></span> <span class='ocrx_word' id='word_1_134' title='bbox 624 2310 817 2368; x_wconf 86' lang='lat' dir='ltr'><strong>circumvolat</strong></span> <span class='ocrx_word' id='word_1_135' title='bbox 831 2309 945 2368; x_wconf 72' lang='lat' dir='ltr'><strong>umbrd.</strong></span> <span class='ocrx_word' id='word_1_136' title='bbox 1104 2312 1166 2369; x_wconf 74' lang='lat'><strong>360</strong></span> 
     </span>
     <span class='ocr_line' id='line_1_22' title="bbox 85 2396 932 2478; baseline -0.001 -17"><span class='ocrx_word' id='word_1_137' title='bbox 85 2396 93 2403; x_wconf 72' lang='grc'><strong>’</strong></span> <span class='ocrx_word' id='word_1_138' title='bbox 178 2402 256 2470; x_wconf 80' lang='lat' dir='ltr'><strong>Quis</strong></span> <span class='ocrx_word' id='word_1_139' title='bbox 270 2404 385 2461; x_wconf 87' lang='lat' dir='ltr'><strong>cladem</strong></span> <span class='ocrx_word' id='word_1_140' title='bbox 400 2404 478 2461; x_wconf 90' lang='lat' dir='ltr'><strong>illius</strong></span> <span class='ocrx_word' id='word_1_141' title='bbox 492 2403 598 2473; x_wconf 88' lang='lat' dir='ltr'><strong>noctis,</strong></span> <span class='ocrx_word' id='word_1_142' title='bbox 616 2404 681 2478; x_wconf 91' lang='lat' dir='ltr'><strong>quis</strong></span> <span class='ocrx_word' id='word_1_143' title='bbox 695 2403 800 2460; x_wconf 81' lang='lat' dir='ltr'><strong>sunere</strong></span> <span class='ocrx_word' id='word_1_144' title='bbox 816 2402 904 2461; x_wconf 92' lang='lat' dir='ltr'><strong>sando</strong></span> <span class='ocrx_word' id='word_1_145' title='bbox 927 2400 932 2408; x_wconf 76' lang='grc'><strong>”</strong></span> 
     </span>
    </p>

    <p class='ocr_par' dir='ltr' id='par_1_22' title="bbox 176 2496 945 2573">
     <span class='ocr_line' id='line_1_23' title="bbox 176 2496 945 2573; baseline -0.003 -19"><span class='ocrx_word' id='word_1_146' title='bbox 176 2497 325 2573; x_wconf 84' lang='lat' dir='ltr'><strong>Explicet,</strong></span> <span class='ocrx_word' id='word_1_147' title='bbox 343 2505 394 2553; x_wconf 92' lang='lat' dir='ltr'><strong>aut</strong></span> <span class='ocrx_word' id='word_1_148' title='bbox 408 2496 500 2572; x_wconf 84' lang='lat' dir='ltr'><strong>possit</strong></span> <span class='ocrx_word' id='word_1_149' title='bbox 513 2497 653 2572; x_wconf 85' lang='lat' dir='ltr'><strong>lacrymis</strong></span> <span class='ocrx_word' id='word_1_150' title='bbox 667 2516 788 2571; x_wconf 70' lang='lat' dir='ltr'><strong>{equare</strong></span> <span class='ocrx_word' id='word_1_151' title='bbox 802 2498 920 2554; x_wconf 86' lang='lat' dir='ltr'><strong>labores</strong></span> <span class='ocrx_word' id='word_1_152' title='bbox 934 2496 945 2552; x_wconf 84' lang='lat' dir='ltr'><strong>l</strong></span> 
     </span>
    </p>

    <p class='ocr_par' dir='ltr' id='par_1_23' title="bbox 176 2588 963 2665">
     <span class='ocr_line' id='line_1_24' title="bbox 176 2588 963 2665; baseline 0.001 -20"><span class='ocrx_word' id='word_1_153' title='bbox 176 2588 256 2646; x_wconf 89' lang='lat' dir='ltr'><strong>Urbs</strong></span> <span class='ocrx_word' id='word_1_154' title='bbox 271 2589 391 2664; x_wconf 88' lang='lat' dir='ltr'><strong>antiqua</strong></span> <span class='ocrx_word' id='word_1_155' title='bbox 406 2589 474 2658; x_wconf 89' lang='lat' dir='ltr'><strong>ruit,</strong></span> <span class='ocrx_word' id='word_1_156' title='bbox 493 2589 600 2646; x_wconf 88' lang='lat' dir='ltr'><strong>multos</strong></span> <span class='ocrx_word' id='word_1_157' title='bbox 614 2588 764 2645; x_wconf 81' lang='lat' dir='ltr'><strong>dominata</strong></span> <span class='ocrx_word' id='word_1_158' title='bbox 781 2609 834 2665; x_wconf 88' lang='lat' dir='ltr'><strong>por</strong></span> <span class='ocrx_word' id='word_1_159' title='bbox 848 2608 963 2658; x_wconf 80' lang='lat' dir='ltr'><strong>annos3</strong></span> 
     </span>
    </p>

    <p class='ocr_par' dir='ltr' id='par_1_24' title="bbox 176 2680 945 2759">
     <span class='ocr_line' id='line_1_25' title="bbox 176 2680 945 2759; baseline 0 -20"><span class='ocrx_word' id='word_1_160' title='bbox 176 2680 310 2740; x_wconf 87' lang='lat' dir='ltr'><strong>Plurima</strong></span> <span class='ocrx_word' id='word_1_161' title='bbox 324 2701 436 2757; x_wconf 86' lang='lat' dir='ltr'><strong>perque</strong></span> <span class='ocrx_word' id='word_1_162' title='bbox 454 2681 516 2738; x_wconf 88' lang='lat' dir='ltr'><strong>vias</strong></span> <span class='ocrx_word' id='word_1_163' title='bbox 531 2691 703 2738; x_wconf 89' lang='lat' dir='ltr'><strong>sternuntur</strong></span> <span class='ocrx_word' id='word_1_164' title='bbox 717 2682 823 2738; x_wconf 88' lang='lat' dir='ltr'><strong>inertia</strong></span> <span class='ocrx_word' id='word_1_165' title='bbox 837 2683 945 2759; x_wconf 89' lang='lat' dir='ltr'><strong>passim</strong></span> 
     </span>
    </p>

    <p class='ocr_par' dir='ltr' id='par_1_25' title="bbox 177 2772 919 2851">
     <span class='ocr_line' id='line_1_26' title="bbox 177 2772 919 2851; baseline 0.001 -19"><span class='ocrx_word' id='word_1_166' title='bbox 177 2772 325 2851; x_wconf 87' lang='lat' dir='ltr'><strong>Corpora,</strong></span> <span class='ocrx_word' id='word_1_167' title='bbox 342 2793 454 2850; x_wconf 86' lang='lat' dir='ltr'><strong>perque</strong></span> <span class='ocrx_word' id='word_1_168' title='bbox 469 2774 581 2843; x_wconf 90' lang='lat' dir='ltr'><strong>domos,</strong></span> <span class='ocrx_word' id='word_1_169' title='bbox 598 2781 626 2830; x_wconf 92' lang='lat' dir='ltr'><strong>et</strong></span> <span class='ocrx_word' id='word_1_170' title='bbox 641 2774 781 2850; x_wconf 85' lang='lat' dir='ltr'><strong>religiosa</strong></span> <span class='ocrx_word' id='word_1_171' title='bbox 795 2775 919 2832; x_wconf 91' lang='lat' dir='ltr'><strong>deorum</strong></span> 
     </span>
    </p>

    <p class='ocr_par' dir='ltr' id='par_1_26' title="bbox 176 2858 992 2944">
     <span class='ocr_line' id='line_1_27' title="bbox 176 2858 992 2944; baseline 0.002 -19"><span class='ocrx_word' id='word_1_172' title='bbox 176 2865 304 2926; x_wconf 90' lang='lat' dir='ltr'><strong>Limina.</strong></span> <span class='ocrx_word' id='word_1_173' title='bbox 346 2866 375 2925; x_wconf 89' lang='lat' dir='ltr'>N</span> <span class='ocrx_word' id='word_1_174' title='bbox 378 2886 413 2924; x_wconf 91' lang='lat' dir='ltr'><strong>ec</strong></span> <span class='ocrx_word' id='word_1_175' title='bbox 427 2867 483 2924; x_wconf 90' lang='lat' dir='ltr'><strong>soli</strong></span> <span class='ocrx_word' id='word_1_176' title='bbox 498 2886 602 2942; x_wconf 89' lang='lat' dir='ltr'><strong>poenas</strong></span> <span class='ocrx_word' id='word_1_177' title='bbox 616 2866 685 2924; x_wconf 87' lang='lat' dir='ltr'><strong>dant</strong></span> <span class='ocrx_word' id='word_1_178' title='bbox 700 2858 845 2944; x_wconf 58' lang='lat' dir='ltr'><strong>sanquine</strong></span> <span class='ocrx_word' id='word_1_179' title='bbox 859 2868 972 2927; x_wconf 90' lang='lat' dir='ltr'><strong>Teucri</strong></span> <span class='ocrx_word' id='word_1_180' title='bbox 984 2887 992 2938; x_wconf 88' lang='lat'>;</span> 
     </span>
    </p>

    <p class='ocr_par' dir='ltr' id='par_1_27' title="bbox 177 2959 979 3036">
     <span class='ocr_line' id='line_1_28' title="bbox 177 2959 979 3036; baseline 0 -19"><span class='ocrx_word' id='word_1_181' title='bbox 177 2960 335 3027; x_wconf 78' lang='lat' dir='ltr'><strong>Quondam</strong></span> <span class='ocrx_word' id='word_1_182' title='bbox 351 2961 440 3017; x_wconf 90' lang='lat' dir='ltr'><strong>etiam</strong></span> <span class='ocrx_word' id='word_1_183' title='bbox 455 2960 540 3019; x_wconf 88' lang='lat' dir='ltr'><strong>victis</strong></span> <span class='ocrx_word' id='word_1_184' title='bbox 554 2959 629 3017; x_wconf 86' lang='lat' dir='ltr'><strong>redit</strong></span> <span class='ocrx_word' id='word_1_185' title='bbox 644 2960 673 3017; x_wconf 84' lang='lat' dir='ltr'><strong>in</strong></span> <span class='ocrx_word' id='word_1_186' title='bbox 688 2961 853 3036; x_wconf 85' lang='lat' dir='ltr'><strong>praecordia</strong></span> <span class='ocrx_word' id='word_1_187' title='bbox 867 2962 979 3019; x_wconf 87' lang='lat' dir='ltr'><strong>virtus:</strong></span> 
     </span>
    </p>

    <p class='ocr_par' dir='ltr' id='par_1_28' title="bbox 175 3036 926 3130">
     <span class='ocr_line' id='line_1_29' title="bbox 175 3036 926 3130; baseline 0.001 -21"><span class='ocrx_word' id='word_1_188' title='bbox 175 3053 374 3130; x_wconf 89' lang='lat' dir='ltr'><strong>Victoresque</strong></span> <span class='ocrx_word' id='word_1_189' title='bbox 389 3053 499 3111; x_wconf 85' lang='lat' dir='ltr'><strong>cadunt</strong></span> <span class='ocrx_word' id='word_1_190' title='bbox 512 3036 620 3111; x_wconf 75' lang='lat' dir='ltr'><strong>Danai.</strong></span> <span class='ocrx_word' id='word_1_191' title='bbox 664 3052 803 3112; x_wconf 86' lang='lat' dir='ltr'><strong>Crudelis</strong></span> <span class='ocrx_word' id='word_1_192' title='bbox 814 3055 926 3129; x_wconf 86' lang='lat' dir='ltr'><strong>ubique</strong></span> 
     </span>
    </p>

    <p class='ocr_par' dir='ltr' id='par_1_29' title="bbox 175 3145 969 3223">
     <span class='ocr_line' id='line_1_30' title="bbox 175 3145 969 3223; baseline -0.001 -17"><span class='ocrx_word' id='word_1_193' title='bbox 175 3145 301 3218; x_wconf 86' lang='lat' dir='ltr'><strong>Luctus,</strong></span> <span class='ocrx_word' id='word_1_194' title='bbox 319 3148 428 3223; x_wconf 89' lang='lat' dir='ltr'><strong>ubique</strong></span> <span class='ocrx_word' id='word_1_195' title='bbox 444 3166 546 3223; x_wconf 82' lang='lat' dir='ltr'><strong>pavor,</strong></span> <span class='ocrx_word' id='word_1_196' title='bbox 563 3155 592 3203; x_wconf 90' lang='lat' dir='ltr'><strong>et</strong></span> <span class='ocrx_word' id='word_1_197' title='bbox 607 3145 731 3222; x_wconf 91' lang='lat' dir='ltr'><strong>plurima</strong></span> <span class='ocrx_word' id='word_1_198' title='bbox 745 3147 847 3203; x_wconf 86' lang='lat' dir='ltr'><strong>mortis</strong></span> <span class='ocrx_word' id='word_1_199' title='bbox 861 3147 969 3223; x_wconf 85' lang='lat' dir='ltr'><strong>imago.</strong></span> 
     </span>
    </p>

    <p class='ocr_par' dir='ltr' id='par_1_30' title="bbox 214 3236 991 3316">
     <span class='ocr_line' id='line_1_31' title="bbox 214 3236 991 3316; baseline -0.003 -18"><span class='ocrx_word' id='word_1_200' title='bbox 214 3239 332 3298; x_wconf 88' lang='lat' dir='ltr'><strong>Primus</strong></span> <span class='ocrx_word' id='word_1_201' title='bbox 347 3260 390 3310; x_wconf 91' lang='lat' dir='ltr'><strong>se,</strong></span> <span class='ocrx_word' id='word_1_202' title='bbox 407 3236 546 3296; x_wconf 73' lang='lat' dir='ltr'><strong>Danaum</strong></span> <span class='ocrx_word' id='word_1_203' title='bbox 562 3239 672 3316; x_wconf 72' lang='lat' dir='ltr'><strong>magud</strong></span> <span class='ocrx_word' id='word_1_204' title='bbox 685 3241 843 3297; x_wconf 87' lang='lat' dir='ltr'><strong>comitante</strong></span> <span class='ocrx_word' id='word_1_205' title='bbox 858 3237 991 3311; x_wconf 64' lang='lat' dir='ltr'><strong>caterva,</strong></span> 
     </span>
    </p>

    <p class='ocr_par' dir='ltr' id='par_1_31' title="bbox 176 3331 937 3408">
     <span class='ocr_line' id='line_1_32' title="bbox 176 3331 937 3408; baseline 0.004 -20"><span class='ocrx_word' id='word_1_206' title='bbox 176 3332 354 3407; x_wconf 86' lang='lat' dir='ltr'><strong>Androgeus</strong></span> <span class='ocrx_word' id='word_1_207' title='bbox 368 3331 455 3388; x_wconf 86' lang='lat' dir='ltr'><strong>offert</strong></span> <span class='ocrx_word' id='word_1_208' title='bbox 469 3333 564 3400; x_wconf 88' lang='lat' dir='ltr'><strong>nobis,</strong></span> <span class='ocrx_word' id='word_1_209' title='bbox 581 3333 664 3389; x_wconf 90' lang='lat' dir='ltr'><strong>socia</strong></span> <span class='ocrx_word' id='word_1_210' title='bbox 678 3333 797 3408; x_wconf 82' lang='lat' dir='ltr'><strong>agmina</strong></span> <span class='ocrx_word' id='word_1_211' title='bbox 811 3333 937 3392; x_wconf 86' lang='lat' dir='ltr'><strong>credens</strong></span> 
     </span>
    </p>

    <p class='ocr_par' dir='ltr' id='par_1_32' title="bbox 176 3422 955 3500">
     <span class='ocr_line' id='line_1_33' title="bbox 176 3422 955 3500; baseline 0.001 -20"><span class='ocrx_word' id='word_1_212' title='bbox 176 3422 293 3480; x_wconf 91' lang='lat' dir='ltr'><strong>Inscius</strong></span> <span class='ocrx_word' id='word_1_213' title='bbox 307 3442 313 3490; x_wconf 92' lang='grc'><strong>;</strong></span> <span class='ocrx_word' id='word_1_214' title='bbox 339 3431 428 3497; x_wconf 91' lang='lat' dir='ltr'><strong>atque</strong></span> <span class='ocrx_word' id='word_1_215' title='bbox 443 3422 520 3478; x_wconf 87' lang='lat' dir='ltr'><strong>ultro</strong></span> <span class='ocrx_word' id='word_1_216' title='bbox 534 3423 633 3481; x_wconf 82' lang='lat' dir='ltr'><strong>verbis</strong></span> <span class='ocrx_word' id='word_1_217' title='bbox 648 3426 803 3500; x_wconf 82' lang='lat' dir='ltr'><strong>compellat</strong></span> <span class='ocrx_word' id='word_1_218' title='bbox 818 3426 921 3483; x_wconf 86' lang='lat' dir='ltr'><strong>amicis</strong></span> <span class='ocrx_word' id='word_1_219' title='bbox 934 3444 955 3481; x_wconf 64' lang='grc' dir='ltr'><strong>ι,</strong></span> 
     </span>
    </p>

    <p class='ocr_par' dir='ltr' id='par_1_33' title="bbox 175 3515 906 3597">
     <span class='ocr_line' id='line_1_34' title="bbox 175 3515 906 3597; baseline 0.004 -24"><span class='ocrx_word' id='word_1_220' title='bbox 175 3515 340 3585; x_wconf 87' lang='lat' dir='ltr'><strong>Festinato,</strong></span> <span class='ocrx_word' id='word_1_221' title='bbox 357 3516 411 3571; x_wconf 84' lang='lat' dir='ltr'><strong>viri</strong></span> <span class='ocrx_word' id='word_1_222' title='bbox 426 3534 433 3583; x_wconf 93' lang='lat'>;</span> <span class='ocrx_word' id='word_1_223' title='bbox 458 3533 526 3572; x_wconf 94' lang='lat' dir='ltr'><strong>nam</strong></span> <span class='ocrx_word' id='word_1_224' title='bbox 539 3536 605 3591; x_wconf 77' lang='lat' dir='ltr'><strong>qum</strong></span> <span class='ocrx_word' id='word_1_225' title='bbox 619 3524 678 3573; x_wconf 86' lang='lat' dir='ltr'><strong>tam</strong></span> <span class='ocrx_word' id='word_1_226' title='bbox 693 3537 761 3597; x_wconf 73' lang='lat' dir='ltr'><strong>sero</strong></span> <span class='ocrx_word' id='word_1_227' title='bbox 775 3528 906 3577; x_wconf 84' lang='lat' dir='ltr'><strong>moratur</strong></span> 
     </span>
    </p>

    <p class='ocr_par' dir='ltr' id='par_1_34' title="bbox 177 3599 863 3688">
     <span class='ocr_line' id='line_1_35' title="bbox 177 3599 863 3688; baseline 0.001 -21"><span class='ocrx_word' id='word_1_228' title='bbox 177 3609 325 3686; x_wconf 89' lang='lat' dir='ltr'><strong>Segnities</strong></span> <span class='ocrx_word' id='word_1_229' title='bbox 340 3608 350 3663; x_wconf 94' lang='lat'>?</span> <span class='ocrx_word' id='word_1_230' title='bbox 373 3609 422 3665; x_wconf 86' lang='lat' dir='ltr'><strong>alii</strong></span> <span class='ocrx_word' id='word_1_231' title='bbox 437 3609 553 3684; x_wconf 87' lang='lat' dir='ltr'><strong>rapiunt</strong></span> <span class='ocrx_word' id='word_1_232' title='bbox 568 3602 690 3667; x_wconf 86' lang='lat' dir='ltr'><strong>incensu</strong></span> <span class='ocrx_word' id='word_1_233' title='bbox 705 3599 863 3688; x_wconf 83' lang='lat' dir='ltr'><strong>leruntque</strong></span> 
     </span>
    </p>

    <p class='ocr_par' dir='ltr' id='par_1_35' title="bbox 175 3701 1014 3780">
     <span class='ocr_line' id='line_1_36' title="bbox 175 3701 1014 3780; baseline 0.004 -20"><span class='ocrx_word' id='word_1_234' title='bbox 175 3701 343 3778; x_wconf 80' lang='lat' dir='ltr'><strong>Pergama3</strong></span> <span class='ocrx_word' id='word_1_235' title='bbox 371 3721 423 3758; x_wconf 87' lang='lat' dir='ltr'><strong>vos</strong></span> <span class='ocrx_word' id='word_1_236' title='bbox 438 3702 527 3759; x_wconf 91' lang='lat' dir='ltr'><strong>celsis</strong></span> <span class='ocrx_word' id='word_1_237' title='bbox 539 3722 619 3760; x_wconf 93' lang='lat' dir='ltr'><strong>nunc</strong></span> <span class='ocrx_word' id='word_1_238' title='bbox 634 3704 759 3780; x_wconf 84' lang='lat' dir='ltr'><strong>primirm</strong></span> <span class='ocrx_word' id='word_1_239' title='bbox 773 3725 791 3761; x_wconf 90' lang='lat' dir='ltr'><strong>a</strong></span> <span class='ocrx_word' id='word_1_240' title='bbox 806 3706 931 3763; x_wconf 89' lang='lat' dir='ltr'><strong>navibus</strong></span> <span class='ocrx_word' id='word_1_241' title='bbox 945 3705 1014 3763; x_wconf 87' lang='lat' dir='ltr'><strong>itis!</strong></span> 
     </span>
    </p>

    <p class='ocr_par' dir='ltr' id='par_1_36' title="bbox 174 3792 1015 3874">
     <span class='ocr_line' id='line_1_37' title="bbox 174 3792 1015 3874; baseline 0.008 -24"><span class='ocrx_word' id='word_1_242' title='bbox 174 3792 270 3864; x_wconf 87' lang='lat' dir='ltr'><strong>Dixit,</strong></span> <span class='ocrx_word' id='word_1_243' title='bbox 286 3802 315 3850; x_wconf 90' lang='lat' dir='ltr'><strong>et</strong></span> <span class='ocrx_word' id='word_1_244' title='bbox 330 3795 476 3871; x_wconf 84' lang='lat' dir='ltr'><strong>extemplo</strong></span> <span class='ocrx_word' id='word_1_245' title='bbox 492 3795 603 3872; x_wconf 83' lang='lat' dir='ltr'><strong>(neque</strong></span> <span class='ocrx_word' id='word_1_246' title='bbox 618 3797 695 3853; x_wconf 91' lang='lat' dir='ltr'><strong>enim</strong></span> <span class='ocrx_word' id='word_1_247' title='bbox 709 3816 853 3874; x_wconf 86' lang='lat' dir='ltr'><strong>responsa</strong></span> <span class='ocrx_word' id='word_1_248' title='bbox 867 3799 1015 3857; x_wconf 86' lang='lat' dir='ltr'><strong>dabantur</strong></span> 
     </span>
    </p>

    <p class='ocr_par' dir='ltr' id='par_1_37' title="bbox 175 3885 920 3967">
     <span class='ocr_line' id='line_1_38' title="bbox 175 3885 920 3967; baseline 0.004 -23"><span class='ocrx_word' id='word_1_249' title='bbox 175 3885 252 3944; x_wconf 87' lang='lat' dir='ltr'><strong>Fido</strong></span> <span class='ocrx_word' id='word_1_250' title='bbox 266 3886 353 3964; x_wconf 85' lang='lat' dir='ltr'><strong>satis)</strong></span> <span class='ocrx_word' id='word_1_251' title='bbox 368 3887 471 3957; x_wconf 81' lang='lat' dir='ltr'><strong>sensit,</strong></span> <span class='ocrx_word' id='word_1_252' title='bbox 488 3889 599 3946; x_wconf 89' lang='lat' dir='ltr'><strong>medios</strong></span> <span class='ocrx_word' id='word_1_253' title='bbox 613 3890 753 3967; x_wconf 82' lang='lat' dir='ltr'><strong>delapsus</strong></span> <span class='ocrx_word' id='word_1_254' title='bbox 768 3891 796 3946; x_wconf 96' lang='lat' dir='ltr'><strong>in</strong></span> <span class='ocrx_word' id='word_1_255' title='bbox 811 3891 920 3948; x_wconf 89' lang='lat' dir='ltr'><strong>hostes.</strong></span> 
     </span>
    </p>

    <p class='ocr_par' dir='ltr' id='par_1_38' title="bbox 175 3979 958 4058">
     <span class='ocr_line' id='line_1_39' title="bbox 175 3979 958 4058; baseline 0.006 -23"><span class='ocrx_word' id='word_1_256' title='bbox 175 3979 345 4055; x_wconf 89' lang='lat' dir='ltr'><strong>Obstupuit,</strong></span> <span class='ocrx_word' id='word_1_257' title='bbox 361 3989 501 4056; x_wconf 85' lang='lat' dir='ltr'><strong>retroque</strong></span> <span class='ocrx_word' id='word_1_258' title='bbox 516 3982 620 4057; x_wconf 90' lang='lat' dir='ltr'><strong>pedem</strong></span> <span class='ocrx_word' id='word_1_259' title='bbox 636 4002 703 4040; x_wconf 91' lang='lat' dir='ltr'><strong>cum</strong></span> <span class='ocrx_word' id='word_1_260' title='bbox 718 4003 791 4040; x_wconf 88' lang='lat' dir='ltr'><strong>voce</strong></span> <span class='ocrx_word' id='word_1_261' title='bbox 806 3984 958 4058; x_wconf 83' lang='lat' dir='ltr'><strong>repressit.</strong></span> 
     </span>
    </p>

    <p class='ocr_par' dir='ltr' id='par_1_39' title="bbox 176 4068 934 4151">
     <span class='ocr_line' id='line_1_40' title="bbox 176 4068 934 4151; baseline 0.009 -23"><span class='ocrx_word' id='word_1_262' title='bbox 176 4068 371 4148; x_wconf 82' lang='lat' dir='ltr'><strong>Improvisum</strong></span> <span class='ocrx_word' id='word_1_263' title='bbox 385 4073 479 4149; x_wconf 86' lang='lat' dir='ltr'><strong>aspris</strong></span> <span class='ocrx_word' id='word_1_264' title='bbox 492 4074 583 4131; x_wconf 87' lang='lat' dir='ltr'><strong>veluti</strong></span> <span class='ocrx_word' id='word_1_265' title='bbox 598 4075 648 4150; x_wconf 92' lang='lat' dir='ltr'><strong>qui</strong></span> <span class='ocrx_word' id='word_1_266' title='bbox 661 4077 793 4133; x_wconf 90' lang='lat' dir='ltr'><strong>sentibus</strong></span> <span class='ocrx_word' id='word_1_267' title='bbox 808 4094 934 4151; x_wconf 82' lang='lat' dir='ltr'><strong>unguem</strong></span> 
     </span>
    </p>

    <p class='ocr_par' dir='ltr' id='par_1_40' title="bbox 174 4162 970 4253">
     <span class='ocr_line' id='line_1_41' title="bbox 174 4162 970 4253; baseline 0.003 -27"><span class='ocrx_word' id='word_1_268' title='bbox 174 4162 288 4226; x_wconf 86' lang='lat' dir='ltr'><strong>Pressit</strong></span> <span class='ocrx_word' id='word_1_269' title='bbox 301 4166 381 4224; x_wconf 89' lang='lat' dir='ltr'><strong>humi</strong></span> <span class='ocrx_word' id='word_1_270' title='bbox 395 4166 502 4237; x_wconf 88' lang='lat' dir='ltr'><strong>nitens,</strong></span> <span class='ocrx_word' id='word_1_271' title='bbox 518 4167 709 4244; x_wconf 88' lang='lat' dir='ltr'><strong>trepidusque</strong></span> <span class='ocrx_word' id='word_1_272' title='bbox 724 4168 846 4244; x_wconf 76' lang='lat' dir='ltr'><strong>repente</strong></span> <span class='ocrx_word' id='word_1_273' title='bbox 862 4169 970 4253; x_wconf 81' lang='lat' dir='ltr'><strong>refugit</strong></span> 
     </span>
    </p>
   </div>
   <div class='ocr_carea' id='block_1_3' title="bbox 0 0 1350 5122">
    <p class='ocr_par' dir='ltr' id='par_1_41' title="bbox 0 0 1350 5122">
     <span class='ocr_line' id='line_1_42' title="bbox 0 0 1350 5122; baseline 0 1"><span class='ocrx_word' id='word_1_274' title='bbox 0 0 1350 5122; x_wconf 95' lang='lat' dir='ltr'><strong> </strong></span> 
     </span>
    </p>
   </div>
  </div>
 </body>
</html>
