2692 5122
174 367 237 426 212
462 363 490 410 r.
509 361 674 409 viamen
697 330 884 443 uaaonps'

177 504 212 564 In
224 523 307 562 mare
320 501 480 581 prorumpit
494 521 501 558 :
524 501 615 559 variae
629 502 801 579 circumque
815 501 966 580 supraque

175 600 313 657 Assuetae
328 597 399 673 ripis
413 595 549 654 volueres
562 603 592 652 et
606 594 733 653 fluminis
747 595 832 654 alveo

176 691 308 750 AEthera
321 690 489 747 mulcebant
502 698 604 758 cantu,
620 687 749 765 lucoque
763 689 910 746 volabant.

176 783 315 842 Flectere
329 783 386 841 iter
399 783 498 852 sociis,
515 790 663 858 terraque
677 781 832 840 advertere
847 799 960 858 prorae,

177 876 319 955 Imperat,
335 883 364 934 et
379 877 464 934 laetus
477 875 566 933 fluvio
581 875 714 933 succedit
728 895 832 952 opaco.

216 971 245 1029 N
249 990 306 1028 unc
321 989 388 1047 age,
406 970 455 1046 qui
469 988 569 1046 reges,
584 969 689 1039 Erato,
705 987 772 1045 quaa
789 977 923 1044 tempora
935 986 1045 1040 rerum,

178 1064 255 1131 Quis
268 1063 355 1121 Latio
370 1064 491 1140 antiquo
505 1063 593 1120 suerit
607 1072 712 1133 status,
729 1062 843 1120 advena
857 1063 985 1120 classem

178 1158 279 1225 Quum
293 1156 416 1234 primum
430 1157 571 1214 Ausoniis
585 1157 733 1213 exercitus
748 1157 859 1232 appulit
873 1155 943 1227 oris,

177 1250 352 1328 Expeditum,
369 1258 398 1308 et
413 1250 513 1327 primae
527 1251 675 1308 revocabo
689 1249 810 1307 exordia
824 1268 941 1326 pugnae.

177 1343 225 1400 Tu
241 1351 347 1414 vatem,
363 1352 406 1414 tu,
423 1343 513 1414 Diva,
530 1362 626 1401 mone.
668 1343 777 1400 Dicam
791 1342 911 1400 borrida
925 1342 1027 1413 bella;

177 1435 286 1495 Dicam
302 1437 391 1508 acies,
408 1445 551 1514 actosque
566 1437 671 1494 animis
685 1436 714 1494 in
728 1435 832 1493 funera
847 1455 946 1512 reges,

177 1528 424 1607 Tyrrhenamque
438 1549 566 1600 manum,
582 1538 733 1605 totamque
748 1531 803 1587 sub
818 1548 900 1587 arma
914 1536 1050 1588 coactam

177 1622 368 1700 Hesperiam.
410 1622 510 1699 Major
523 1642 622 1682 rerum
636 1623 706 1682 milri
720 1623 854 1681 nascitur
866 1622 948 1695 ordo,

177 1715 277 1792 ldajus
291 1736 365 1793 opus
378 1735 492 1775 moveo.
535 1717 603 1774 Rex
618 1735 691 1774 arva
703 1716 830 1774 Latinus
844 1724 873 1773 et
887 1718 978 1775 urbes

177 1808 246 1868 Jam
260 1810 359 1867 senior
372 1808 464 1887 longi
477 1810 610 1887 placidas
624 1811 653 1868 in
668 1829 743 1886 pace
757 1811 891 1887 regebat.

178 1901 270 1960 Hunc
284 1902 391 1961 Fauno
405 1911 434 1960 et
448 1904 576 1980 nymphi
589 1904 721 1980 genitum
735 1903 888 1961 Laurente
901 1901 1020 1962 Maricio

177 1994 359 2072 Accipimus.
402 1995 508 2053 Fauno
521 1996 613 2054 Picus
627 2004 731 2072 pater3
755 1996 841 2071 isque
862 2003 1014 2072 pareutum

178 2085 234 2159 Te,
251 2090 388 2160 Saturne¹
404 2090 515 2159 refert;
538 2097 570 2146 tu
585 2090 739 2167 sanguinis
754 2090 872 2147 ultimus
886 2097 999 2148 auctor.

177 2180 272 2239 Filius
286 2182 365 2253 huic,
382 2183 442 2240 sato
456 2180 565 2254 diutim,
582 2184 739 2260 prolesque
753 2183 845 2240 virilis

177 2274 269 2333 Nulla
283 2276 345 2346 suit,
363 2275 516 2353 primique
531 2277 630 2335 oriens
643 2286 746 2352 erepta
761 2275 887 2352 juventa
900 2283 954 2335 est.

178 2368 247 2425 Sola
261 2369 377 2426 domum
392 2377 420 2426 et
434 2379 533 2427 tantas
547 2371 686 2427 servabat
699 2370 761 2427 filia
773 2369 872 2440 aedes,

176 2459 244 2519 Jam
259 2470 374 2518 matura
388 2461 461 2533 viro,
480 2462 542 2536 jam
557 2463 652 2539 plenis
665 2463 774 2520 nubilis
787 2463 881 2522 annis.

176 2551 264 2610 Multi
278 2554 357 2611 illam
371 2573 479 2631 magno
495 2574 511 2611 e
525 2555 612 2612 Latio
626 2555 748 2631 totaque
762 2558 902 2633 petebant

176 2645 320 2704 Ausoniis.
362 2647 440 2704 Petit
455 2656 523 2704 ante
539 2648 611 2705 alios
626 2649 842 2724 pulcherrimus
859 2668 962 2708 omnes

176 2739 307 2809 Turnus,
325 2741 387 2797 avis
401 2741 556 2816 atavisque
571 2752 675 2818 potens
689 2761 696 2811 3
721 2762 809 2818 quem
823 2744 908 2820 regia
921 2742 1030 2819 conjux

176 2832 307 2909 Adjungi
321 2852 464 2910 generum
478 2834 551 2891 miro
566 2837 743 2911 properabat
758 2855 858 2894 amore
871 2855 879 2905 ;

177 2926 235 2983 Sed
251 2927 340 2984 variis
355 2933 490 3004 portenta
503 2925 590 2985 desim
602 2930 766 2986 terroribus
780 2931 907 2988 obstant.

175 3018 296 3078 Laurus
310 3031 374 3080 erat
388 3023 459 3080 tecti
473 3023 579 3094 medio,
596 3024 625 3081 in
640 3025 838 3100 penetralibus
854 3025 931 3096 altis,

177 3114 272 3171 Sacra
286 3135 411 3187 comam,
429 3117 594 3193 multosque
609 3125 687 3174 metu
702 3127 820 3175 servata
834 3138 887 3194 per
901 3138 995 3177 annos
1008 3138 1016 3188 ;

177 3204 275 3272 Quam
290 3217 375 3285 pater
388 3209 547 3281 inventam,
564 3210 673 3287 primas
690 3230 779 3287 quum
793 3212 935 3271 conderet
950 3231 1046 3284 arces,

176 3297 244 3376 Ipse
260 3301 411 3358 serebatur
424 3302 539 3360 Phoebo
552 3302 690 3361 sacrdssc
704 3304 840 3376 Latinus,

176 3391 395 3469 Laurentiaque
411 3396 448 3450 ab
463 3393 621 3453 adnomen
636 3398 769 3473 posuisse
784 3399 906 3459 colonis.

175 3483 277 3560 Hujus
292 3505 365 3562 apes
377 3504 521 3543 summum
535 3487 635 3547 deuaoe
652 3489 799 3564 (mirabile
813 3492 894 3550 dictu
908 3495 931 3570 l)

177 3578 309 3636 Stridore
323 3579 436 3656 ingenti
450 3580 590 3655 liquidum
605 3593 687 3640 trans
702 3584 813 3642 aethera
825 3595 931 3658 vectae,

176 3669 330 3730 Obsedbrc
346 3671 460 3749 apicem
474 3692 481 3742 ;
505 3681 544 3745 et,
562 3675 685 3752 pedibus
698 3696 752 3753 per
764 3688 866 3736 mutua
879 3680 974 3752 nexis,

175 3763 311 3822 Examen
326 3766 453 3823 subitum
467 3786 549 3825 ramo
563 3769 717 3828 frondente
732 3774 879 3849 pependit.

176 3855 326 3916 Continud
341 3869 434 3930 vates,
451 3861 614 3921 Externum
629 3865 788 3936 cernimus,
804 3867 908 3944 inquit,

174 3949 345 4008 Adventare
360 3953 465 4025 virum,
481 3963 510 4012 et
525 3969 624 4032 partes
639 3966 740 4035 petere
756 3979 863 4037 agmen
878 3960 1000 4022 eaedem

174 4043 313 4104 Partibus
327 4067 363 4105 ex
377 4048 482 4122 ladem,
498 4061 528 4109 et
543 4052 658 4111 summa
671 4054 850 4113 dominarier
863 4075 943 4117 arce.

174 4136 336 4213 Praeterea,
353 4144 444 4202 castis
458 4144 556 4205 adolet
566 4146 635 4205 dum
649 4146 755 4205 altaria
768 4150 864 4221 tardis,
