2692 5122
175 377 215 432 04
463 370 490 418 r.
509 370 676 420 vrnerurr
697 350 872 423 ursonis

214 511 255 569 At
269 517 364 568 mater
377 510 505 569 sonitum
519 512 650 570 thalamo
666 515 722 571 sub
736 514 865 573 fluminis
879 514 930 573 alti

176 604 285 664 Sensit.
327 605 407 663 Eam
422 605 535 663 circum
549 606 670 664 Milesia
684 608 797 666 vellera
811 609 840 667 N
841 609 959 686 ymphae

176 697 364 776 Carpebant,
380 699 461 776 hyali
475 708 577 757 saturo
591 700 694 759 fucata
707 702 808 760 colore
822 721 830 771 ;

1109 703 1168 762 336

175 792 363 869 Drymoque,
379 792 573 871 Xanthoque,
588 793 757 884 Ligeaque,
773 795 1028 874 Phyllodoceque,
1126 864 1129 869 ¹

177 887 344 948 Caesariem
358 888 462 946 effusae
476 887 598 945 nitidam
611 888 805 965 percandida
820 890 919 960 colla;

179 981 314 1060 [Nesaee
332 982 473 1059 Spioque,
489 981 669 1059 Thaliaque,
687 982 947 1063 Cymodoceque,]

177 1074 387 1153 Cydippeque,
403 1087 433 1132 et
448 1075 526 1133 flava
539 1076 687 1152 Lycorias
702 1097 709 1146 ;
734 1079 829 1135 altera
843 1079 939 1156 virgo,

175 1169 283 1229 Altera
296 1175 359 1226 tum
374 1169 484 1247 primos
497 1169 623 1228 Lucinae
638 1181 761 1247 experta
780 1172 898 1229 labores
912 1191 920 1241 ;

177 1263 319 1340 Clioque,
336 1270 366 1321 et
381 1262 481 1322 Beroe
496 1283 590 1334 soror,
607 1265 800 1323 Oceanitides
815 1268 921 1337 ambae,

176 1357 283 1417 Ambae
298 1376 372 1415 auro
387 1357 474 1435 pictis
488 1358 626 1417 incinctae
642 1359 769 1436 pellibus
784 1360 878 1417 ambae
893 1379 901 1429 ;

176 1452 278 1528 Atque
291 1451 426 1529 Ephyre,
444 1460 534 1528 atque
549 1452 633 1529 Opis,
651 1462 679 1510 et
694 1453 770 1512 Asia
784 1454 922 1530 Deiopea
936 1472 944 1523 ;

177 1544 219 1605 Et
232 1545 352 1603 tandem
367 1545 471 1624 positis
486 1546 572 1603 velox
586 1545 741 1603 Arethusa
755 1547 881 1624 sagittis.

177 1638 262 1698 Inter
276 1658 351 1716 quas
366 1658 470 1697 curam
485 1638 632 1715 Clymene
647 1641 787 1697 narrabat
801 1641 918 1698 inanem

177 1731 320 1805 Vulcani,
336 1732 504 1809 Martisque
519 1732 603 1790 dolos
617 1741 646 1790 et
660 1732 761 1791 dulcia
774 1733 852 1792 t'urta
868 1753 876 1804 ς

177 1827 266 1903 Aque
282 1826 370 1886 Chao
384 1826 493 1884 densos
508 1822 606 1884 divirm
621 1830 796 1885 numerabat
817 1846 943 1886 amores.

178 1924 322 1985 Carmine
338 1942 397 2000 quo
410 1931 505 2000 captae
520 1922 591 1981 dum
609 1922 683 1981 susis
697 1924 797 1982 mollia
811 1943 904 2003 pensa

177 2017 361 2088 Devolvunt,
379 2017 487 2075 iterum
501 2024 650 2075 maternas
665 2017 778 2094 impulit
793 2037 883 2076 aures

177 2111 294 2173 Luctus
309 2111 443 2183 Aristaei,
459 2109 622 2187 vitreisque
638 2111 781 2169 sedilibus
795 2130 897 2171 omnes

178 2203 392 2283 Obstupuere:
416 2205 552 2264 sedante
569 2206 644 2262 alias
661 2204 812 2264 Arethusa
826 2224 946 2263 sorores

178 2300 382 2378 Prospiciens,
400 2297 516 2356 summi
530 2299 639 2356 flavum
654 2307 743 2376 caput
758 2300 861 2357 extulit
876 2297 965 2357 unda.

178 2394 219 2455 Et
235 2394 338 2472 procul
355 2411 363 2449 t
389 2398 409 2423 “
422 2392 449 2450 Ο
463 2393 576 2469 gemitu
591 2412 650 2450 non
665 2392 776 2450 frustra
789 2393 933 2451 exterrita
944 2400 1037 2462 tanto,

180 2487 303 2565 Cyrene
319 2506 412 2555 soror,
429 2486 493 2562 ipse
507 2486 570 2555 tibi,
587 2492 640 2542 tun
653 2487 781 2544 maxima
794 2506 879 2558 eura,

178 2581 289 2641 Tristis
304 2580 452 2638 Aristaeus
465 2579 559 2637 Penei
574 2579 719 2655 genitoris
734 2580 771 2637 ad
785 2580 895 2639 undam

179 2676 245 2735 Stat
259 2676 440 2751 lacrymans,
457 2680 530 2730 etta
546 2672 698 2731 crudelem
712 2674 830 2732 nornine
845 2674 951 2733 dicit.”

178 2768 263 2829 Huic
277 2785 422 2845 percussa
436 2763 516 2823 novi
537 2774 664 2824 mentem
683 2767 837 2825 formidine
852 2776 957 2839 mater,

182 2868 204 2895 “
214 2862 297 2933 Duc,
313 2879 381 2938 age,
397 2859 455 2917 duc
470 2859 507 2918 ad
522 2880 577 2918 nos
594 2880 601 2930 3
626 2861 670 2918 fas
685 2861 726 2919 illi
741 2862 841 2919 limina
855 2858 953 2919 divrim

178 2955 359 3034 Tangere,’'
374 2954 424 3013 ait.
468 2954 561 3012 Simul
580 2955 641 3012 alta
658 2955 746 3031 jubet
759 2955 915 3013 discedere
928 2953 988 3012 late

177 3050 330 3122 Flumina,
348 3049 409 3127 qud
425 3049 546 3126 juvenis
561 3070 684 3127 gressus
699 3051 820 3108 inferret
835 3069 841 3106 :
865 3061 894 3107 at
909 3049 991 3106 illum

179 3144 317 3206 Curvata
330 3145 361 3202 in
375 3145 483 3202 montis
497 3143 605 3202 faeiem
619 3144 814 3202 circumstetit
830 3130 918 3214 unda,

182 3240 367 3316 Accepitque
387 3239 453 3296 sinu
470 3247 564 3308 vasto,
580 3238 718 3314 misitque
734 3240 789 3295 sub
805 3256 930 3295 amnem.

178 3331 308 3408 Jamque
324 3331 441 3389 domurn
459 3331 571 3389 mirans
585 3332 757 3408 genetricis,
774 3340 803 3388 et
823 3330 943 3388 humida
955 3346 1061 3409 regna,

181 3425 399 3502 Speluncisque
413 3425 499 3481 lacus
513 3425 642 3495 clausos,
660 3426 803 3501 lucosque
818 3431 971 3494 sonantes,

178 3515 248 3577 Ibat
264 3537 271 3587 ;
295 3525 336 3588 et,
352 3517 465 3596 ingenti
480 3527 559 3575 motu
575 3518 759 3596 stupefactus
773 3536 930 3593 aquarum,

179 3610 289 3670 Omnia
303 3612 358 3668 sub
374 3608 484 3688 magni
499 3612 631 3669 labentia
645 3611 767 3669 flumina
780 3609 864 3669 terre

181 3705 344 3781 Spectabat
358 3703 478 3762 diversa
491 3704 577 3776 locis,
593 3704 785 3781 Phasimque,
800 3703 989 3782 Lycumque,

179 3796 220 3856 Et
236 3805 336 3875 caput,
353 3798 431 3856 unde
447 3800 524 3857 altus
539 3798 663 3876 primum
679 3818 711 3857 se
726 3799 851 3876 erumpit
867 3799 1014 3876 Enipeus,

179 3890 267 3949 Unde
283 3900 368 3968 pater
381 3890 553 3964 Tiberinus,
569 3901 599 3950 et
614 3892 692 3950 unde
706 3894 825 3951 Aniena
840 3893 962 3963 fluenta,

181 3984 387 4061 Saxosumque
402 4005 512 4043 sonans
525 3986 674 4065 Hypanis,
691 3985 858 4062 Mysusque
873 3985 998 4056 Caicus,

179 4078 221 4139 Et
239 4080 360 4158 gemina
374 4088 496 4138 auratus
510 4082 628 4139 taurino
642 4099 757 4138 cornua
771 4081 854 4137 vultu

179 4174 332 4235 Eridanus
349 4193 357 4246 ;
382 4194 440 4253 quo
455 4194 512 4234 non
527 4175 604 4234 alius
618 4194 672 4254 per
685 4174 806 4253 pinguia
821 4173 902 4233 culta
