2692 5122
171 414 228 471 112
456 405 481 451 P.
499 403 666 451 V1R01L11
687 402 860 451 muamus

169 544 228 605 Sed
244 546 313 622 quid
327 564 386 624 ego
399 543 464 602 haec
479 551 579 601 eutem
592 543 794 618 nequidquam
806 542 923 618 ingrata
935 537 1056 597 revolvo
1072 535 1083 594 1

169 637 288 706 Quidve
303 656 402 696 moror
418 638 428 694 ?
467 638 498 694 Si
512 656 615 694 omncs
631 656 689 694 uno
702 636 805 693 ordine
819 632 936 692 habetis
949 631 1092 703 Achivos,

169 731 264 808 quue
280 732 383 790 audire
398 740 442 789 sat
458 740 514 802 est,
532 729 706 806 jamdudum
721 729 827 786 sumite
843 746 955 804 poeuas.

168 824 240 884 Hoc
255 825 377 883 Ithacus
393 825 472 896 velit,
490 834 518 882 et
540 843 648 901 magno
662 831 831 880 mercentur
843 820 967 879 Atridae.
988 821 1037 879 A»

206 918 285 976 Tum
300 917 371 978 verd
387 919 526 976 ardemus
541 917 643 975 scitari
661 926 690 974 et
705 934 839 992 quaerere
854 934 974 986 causas,
1098 912 1153 970 105

169 1010 271 1090 Ignari
286 1011 433 1069 scelerum
447 1019 595 1069 tentorum
610 1010 742 1085 artisque
758 1008 905 1084 Pelasgae.

168 1101 361 1181 Prosequitur
375 1106 520 1182 pavitans,
537 1113 566 1162 et
581 1104 650 1162 ficto
665 1112 784 1180 pectore
799 1102 898 1159 satur:

209 1197 295 1276 sept
310 1198 412 1275 sugam
427 1198 529 1257 Danai
542 1196 636 1273 Trojai
649 1194 771 1275 cupidre
784 1193 891 1253 relictd

171 1289 285 1362 Moliri,
302 1300 333 1349 et
348 1291 438 1369 longo
452 1292 523 1349 lessi
537 1291 692 1349 discedere
707 1290 796 1349 bello.

43 1384 385 1475 Necisseutque
401 1386 533 1443 utinam.
527 1388 533 1426 ¹
576 1384 662 1462 saepe
677 1384 742 1441 illos
756 1402 865 1460 aspera
879 1382 979 1463 ponti

169 1477 340 1537 Interclusit
356 1479 461 1549 hiems,
479 1489 508 1535 et
522 1479 628 1535 terruit
641 1479 753 1535 Auster
767 1485 881 1534 euntes.
959 1466 979 1483 ’

147 1564 336 1649 :Praecipue
354 1591 444 1647 quum
460 1570 522 1645 jam
537 1571 585 1628 hic
600 1570 735 1627 trabibus
749 1579 905 1627 contextus
919 1567 1037 1626 acernis

169 1665 267 1723 Staret
281 1683 386 1740 equus,
402 1672 464 1721 toto
479 1672 642 1721 sonuerunt
656 1664 767 1720 aethere
782 1662 881 1719 nimbi.

170 1756 313 1834 Suspensi
332 1756 519 1833 Eurypylum
533 1756 671 1814 scitatum
685 1755 808 1812 oracula
822 1753 929 1812 Phoehi

168 1848 314 1907 Mittimus
330 1866 338 1919 ;
363 1848 448 1924 isque
463 1848 559 1926 adytis
577 1848 641 1906 haec
656 1846 751 1905 tristia
764 1847 843 1904 dicta
862 1854 1014 1923 reportat:
1100 1846 1155 1904 115

170 1942 322 2019 Sanguine
337 1940 479 2018 plecdstis
493 1950 596 1999 ventos
610 1950 640 1998 et
654 1941 769 2018 virgine
783 1938 875 2009 caesd,

170 2033 272 2102 Quum
287 2033 411 2111 primirm
426 2033 545 2105 Iliacas,
558 2033 670 2104 Danai,
687 2033 808 2090 venistis
823 2032 861 2090 ed
875 2051 944 2090 oras
959 2050 966 2102 3

170 2127 321 2205 Sanguine
336 2128 489 2203 quaerendi
503 2126 626 2197 reditus,
644 2114 802 2202 animalque
816 2124 959 2183 litandum

170 2218 323 2298 Argolici.
366 2219 460 2298 Vulgi
475 2240 541 2296 quas
557 2240 612 2278 vox
628 2228 658 2277 ut
672 2220 752 2277 venit
767 2219 803 2275 ad
819 2238 917 2289 aures,

171 2310 363 2389 Obstupuere
378 2314 494 2383 animis,
511 2313 686 2390 gelidusque
702 2332 755 2390 per
769 2313 827 2368 ima
841 2310 973 2370 cucurrit

169 2406 249 2465 Ossa
264 2414 375 2463 tremor
390 2426 397 2475 ;
422 2407 470 2464 cui
490 2407 680 2484 temperent,
698 2427 784 2482 quem
800 2415 901 2484 poscat
916 2406 1034 2484 Apollo.

170 2497 233 2557 Hic
248 2497 370 2555 Ithacus
385 2507 483 2555 vatem
496 2518 605 2576 magno
620 2500 789 2558 Calchanta
802 2502 928 2558 tumultu

169 2590 320 2649 Protrahit
339 2591 367 2647 in
383 2590 496 2648 medios
510 2612 517 2659 ;
542 2612 608 2667 quae
623 2593 681 2650 sint
695 2612 731 2650 ea
745 2594 864 2651 numina
879 2591 978 2651 divdm

170 2683 312 2759 Flagitat.
354 2683 394 2739 Et
411 2683 479 2741 mihi
496 2685 559 2759 jam
574 2678 655 2743 minti
671 2685 791 2743 crudele
807 2688 953 2743 canebant

169 2775 304 2834 Artificis
319 2776 429 2847 scelus,
445 2786 474 2833 et
488 2778 571 2835 taciti
585 2787 710 2837 ventura
724 2780 873 2838 videbant.

169 2866 223 2926 Bis
237 2868 342 2944 quinos
356 2868 423 2926 silet
437 2869 487 2927 ille
501 2870 575 2942 dies,
592 2879 747 2949 tectusque
763 2882 884 2930 recusat

169 2959 302 3019 Prodere
316 2981 389 3020 voce
404 2961 461 3020 sud
475 2970 662 3040 quemquam,
679 2974 730 3023 aut
744 2985 893 3043 opponere
908 2965 1003 3025 morti.

169 3052 230 3111 Vix
242 3054 363 3112 tandem
376 3055 492 3133 mugnis
506 3055 602 3113 Ithaci
617 3058 796 3116 clamoribus
810 3067 907 3130 actus,

171 3145 344 3224 Compositd
359 3148 466 3225 rumpit
481 3168 595 3220 vocem,
611 3158 640 3207 et
655 3170 701 3208 me
716 3151 843 3209 destinat
857 3170 927 3210 erae.

170 3237 477 3308 Assensdreomnes3
502 3249 541 3311 et,
560 3244 695 3318 quaesibi
712 3244 982 3353 quisquetimebat
1100 3245 1157 3302 130

171 3423 299 3507 Jamque
313 3423 377 3480 dies
392 3378 513 3482 infanda
527 3427 654 3486 aderat:
676 3430 747 3486 mihi
761 3450 848 3488 sacra
863 3429 973 3508 parari,

171 3515 211 3576 Et
225 3508 313 3573 sals'ae
327 3515 439 3594 fruges,
456 3527 486 3575 et
499 3520 612 3578 circum
626 3530 760 3599 ternpore
775 3524 865 3591 vittis.

170 3609 287 3686 Eripui,
304 3609 408 3681 fateor,
425 3611 485 3669 leto
498 3633 556 3685 me,
572 3624 601 3672 et
616 3616 734 3673 vincula
749 3617 836 3694 rupi;

170 3700 351 3785 Limosoque
365 3702 433 3761 lacu
449 3725 502 3782 per
515 3716 632 3765 noctem
647 3710 814 3767 obscurus
807 3731 837 3768 rn
851 3710 923 3770 ulva

140 3810 157 3831 ‘¹
168 3780 294 3864 Delitui,
310 3795 379 3852 dum
393 3798 469 3869 vela,
484 3799 627 3857 darent
604 3823 629 3860 si
643 3801 729 3873 sorte,
746 3798 940 3864 dedissent.

171 3886 237 3944 Nec
251 3887 348 3945 mihi
337 3908 399 3964 Jam
417 3893 542 3966 patriam
556 3896 706 3971 antiquam
720 3916 789 3973 spes
803 3898 863 3955 ulla
878 3897 1006 3971 videndi,

170 3980 236 4040 Nec
251 3981 353 4040 dulces
368 3993 463 4055 natos,
480 3997 707 4067 exoptatumque
723 4001 895 4068 parentem;

170 4073 256 4142 Quos
271 4075 311 4132 illi
326 4076 386 4133 fors
401 4078 438 4134 ad
454 4099 557 4155 poenas
572 4085 609 4140 ob
624 4094 726 4142 nostra
740 4094 897 4162 reposcent

169 4167 301 4247 Effugia,
317 4179 346 4228 et
361 4172 478 4250 culpem
492 4173 569 4233 hauc
583 4177 758 4236 miserorum
771 4187 864 4237 morte
879 4179 1010 4256 piabunt.
