2692 5122
180 382 240 440 290
474 375 500 421 P.
510 371 687 420 'VIRGlLll
706 370 879 421 unssoms

219 515 249 575 N
252 534 289 573 on
303 515 379 588 haec,
394 534 412 572 0
426 512 520 584 Palla,
537 512 665 583 dederas
679 513 824 590 promissa
843 510 970 591 parenti.

182 607 310 668 Cautius
325 619 356 666 ut
369 626 451 666 saero
466 608 558 664 velles
572 615 602 663 te
616 605 742 665 credere
755 606 868 664 Marti!

181 702 274 760 Haud
289 703 410 780 ignarus
425 719 517 771 cram,
535 707 677 776 quantum
691 719 769 758 nova
782 700 879 778 gloria
892 699 922 758 in
935 697 1036 770 armis,

180 795 221 854 Et
236 796 385 872 praedulce
399 795 492 852 decus
507 794 599 870 primo
615 794 777 851 certamine
792 801 902 871 posset.
1115 794 1173 855 1⁵³

181 888 323 946 Primitiae
334 888 453 964 juvenis
468 889 584 945 miseroe
600 890 606 944 !
629 887 759 963 bellique
774 886 932 965 propinqui

180 981 268 1039 Dura
283 982 449 1040 rudimenta
466 984 472 1039 !
494 988 524 1038 et
538 981 610 1039 nulli
624 980 764 1038 exaudita
777 980 900 1039 deorum
966 1044 970 1061 Ι

180 1074 261 1133 Vota
275 1094 440 1152 precesque
454 1093 529 1132 meae
543 1077 550 1132 !
591 1074 711 1151 Tuque,
727 1094 745 1131 o
759 1074 949 1132 sanctissime
962 1072 1080 1150 conjux,

181 1168 269 1226 Felix
284 1178 376 1228 morte
391 1167 454 1239 tufa,
471 1187 568 1244 neque
584 1169 613 1226 in
627 1168 706 1226 hunc
719 1176 840 1227 servata
857 1167 1010 1226 dolorem!

181 1259 299 1320 Contra
312 1281 369 1339 ego
384 1262 510 1320 vivendo
525 1261 582 1319 vici
597 1280 665 1319 mea
678 1262 750 1332 fata,
765 1269 918 1338 superstes
1113 1262 1172 1321 teo

180 1355 342 1413 Restarem
357 1364 388 1412 ut
402 1356 528 1433 genitor.
570 1356 685 1414 Troum
698 1356 782 1414 socia
797 1374 880 1413 arma
893 1361 1030 1413 secutum

180 1450 349 1507 Obruerent
363 1448 469 1506 Rutuli
483 1450 570 1507 telis!
592 1450 721 1508 animam
734 1449 798 1526 ipse
812 1447 970 1520 dedissem,

179 1543 280 1620 Atque
294 1543 360 1601 haec
374 1562 481 1620 pompa
495 1544 612 1601 domum
627 1563 684 1614 me,
700 1563 760 1602 non
773 1543 923 1613 Pallanta,
939 1542 1067 1602 referret
1082 1545 1090 1601 l

180 1635 247 1695 Nec
262 1656 314 1693 vos
329 1637 489 1714 arguerim,
505 1637 629 1709 Teucri,
645 1657 703 1695 nec
716 1637 842 1707 foedera,
859 1655 916 1718 nec
938 1655 1012 1714 quas

179 1728 337 1789 Junximns
351 1730 477 1808 hospitio
488 1731 609 1788 dextras
624 1749 631 1787 ε
654 1750 720 1789 sors
735 1731 792 1789 ista
807 1738 938 1791 senectia
1116 1732 1173 1793 161

179 1822 292 1881 Debita
305 1832 369 1881 erat
385 1832 503 1882 nostrae.
547 1824 637 1891 Quod
652 1825 677 1882 si
692 1826 849 1882 immatura
862 1826 1001 1883 manebat

179 1916 266 1975 Mors
280 1926 381 1975 natum
398 1936 405 1987 ;
429 1918 517 1976 caesis
532 1916 712 1977 Volscorum
727 1919 856 1977 millibus
871 1917 951 1989 ante,

178 2010 349 2069 Ducentem
364 2012 394 2069 in
407 2010 528 2070 Latium
542 2012 680 2071 Teucros
694 2013 840 2071 cecidisse
858 2012 983 2088 juvebit.

180 2102 261 2170 Quin
278 2123 336 2182 ego
349 2124 408 2162 non
423 2105 481 2163 alio
495 2105 602 2184 digner
618 2114 648 2164 te
663 2106 779 2176 funere,
795 2105 891 2176 Palla,

180 2195 279 2265 Quam
294 2198 360 2275 pius
376 2196 501 2269 AEneas,
518 2210 548 2257 et
563 2200 652 2275 qudm
666 2199 769 2277 magni
782 2198 931 2275 Phryges,
946 2205 976 2256 et
991 2198 1082 2275 qudm
1115 2200 1173 2259 170

178 2290 389 2367 Tyrrhenique
402 2291 507 2361 duces,
523 2288 713 2367 Tyrrhenirm
729 2293 878 2349 exercitus
893 2291 996 2349 omnis.

177 2382 292 2461 Magna
305 2392 419 2463 tropaea
432 2384 541 2453 ferunt,
559 2403 633 2459 quos
648 2384 697 2441 dat
711 2391 764 2441 tua
777 2384 901 2441 dextera
914 2385 982 2442 leto.

177 2475 226 2533 Tu
242 2495 359 2553 quoque
374 2496 453 2535 nunc
468 2485 565 2535 stares
580 2477 715 2534 immanis
728 2486 851 2535 truncus
866 2477 895 2535 in
910 2476 1010 2548 armis,

178 2566 269 2626 Esset
284 2588 339 2646 par
353 2578 436 2640 ratas,
453 2579 482 2627 et
497 2570 573 2627 idem
589 2571 614 2629 si
628 2573 720 2628 robur
734 2572 772 2627 ab
793 2571 889 2640 annis,

178 2658 290 2720 Turne.
334 2662 392 2719 Sed
408 2662 509 2720 infelix
523 2663 659 2721 Teucros
675 2663 743 2738 quid
758 2663 894 2719 demoror
911 2662 1002 2721 armis
1018 2661 1030 2719 t

176 2755 297 2828 Vadite,
314 2765 343 2815 et
358 2757 423 2815 haec
438 2775 585 2814 memores
598 2758 663 2834 regi
678 2756 818 2814 mandata
832 2757 940 2819 referte
958 2777 965 2814 :

178 2847 269 2915 Quod
282 2849 372 2908 vitam
386 2868 486 2908 moror
499 2850 635 2922 invisam,
651 2850 787 2909 Pallante
803 2856 965 2927 perempto,

176 2942 312 3014 Deqtera
327 2962 419 3001 causa
432 2952 483 3001 tua
497 2952 543 3001 est
557 2963 564 3013 ;
589 2945 724 3001 Turnum
739 2952 869 3018 natoque
884 2944 1022 3021 patrique

177 3035 277 3101 Quam
292 3037 402 3095 debere
417 3037 520 3095 vides:
543 3038 657 3095 meritis
671 3046 757 3095 vacat
772 3037 819 3094 bic
833 3037 886 3094 tibi
900 3037 981 3095 solus

175 3127 380 3206 Fortunaque
393 3130 489 3194 locus,
530 3132 560 3189 N
562 3151 600 3188 on
614 3131 681 3189 vitae
695 3130 806 3208 gaudia
821 3150 934 3206 quaero,

176 3221 205 3280 N
208 3242 243 3279 ec
259 3222 323 3291 fas;
348 3223 401 3281 sed
416 3232 486 3281 nato
500 3224 608 3282 Manes
623 3224 755 3301 perferre
769 3226 824 3281 suh
840 3225 924 3282 imos.

215 3316 335 3372 Aurora
350 3316 465 3372 interea
478 3318 594 3375 miseris
607 3318 782 3375 mortalibus
797 3318 905 3375 almam

176 3407 333 3465 Extulerat
348 3408 456 3478 lucem,
472 3408 607 3467 referens
621 3429 713 3486 opera
727 3421 817 3486 atque
840 3411 969 3470 labores.

175 3499 246 3558 Jam
261 3512 345 3577 pater
360 3499 485 3571 AEneas,
498 3501 561 3577 jam
575 3522 667 3561 curvo
682 3504 711 3561 in
726 3505 822 3562 littore
836 3503 957 3563 Tarcho

177 3590 369 3652 Constituere
384 3612 474 3670 pyras
490 3613 497 3662 ;
521 3594 579 3653 huc
594 3615 721 3673 corpora
735 3598 862 3673 quisque
876 3616 997 3655 suorum

176 3684 262 3743 More
276 3685 372 3744 tulere
387 3696 503 3763 patrum
519 3707 527 3756 3
550 3689 754 3765 subjectisque
769 3691 888 3768 ignibus
904 3690 976 3748 atris

177 3776 324 3837 Conditur
337 3780 367 3837 in
379 3783 520 3839 tenebras
535 3783 627 3840 altum
640 3785 770 3863 caligine
785 3786 905 3844 coelum.

175 3870 239 3928 Ter
253 3872 365 3929 circum
381 3892 537 3946 accensos,
553 3877 645 3935 cincti
659 3877 840 3956 fulgentibus
855 3878 956 3949 armis,

175 3962 349 4023 Decurrhre
364 3985 454 4044 rogos
471 3986 479 4036 ;
503 3977 549 4025 ter
564 3980 702 4029 moestum
717 3972 830 4029 funeris
844 3972 943 4047 ignem

175 4054 359 4117 Lustravfsre
374 4059 403 4116 in
419 4060 514 4136 equis,
531 4063 723 4140 ululatusque
738 4084 789 4122 ore
804 4061 925 4122 dedere.

177 4151 333 4233 Spargitur
347 4160 375 4210 et
390 4154 479 4212 tellus
493 4155 647 4234 lacrymis,
663 4167 843 4236 sparguntur
855 4165 885 4216 et
899 4176 983 4217 arma
998 4178 1006 4216 :
