2692 5122
222 388 260 445 96
405 340 409 359 ·
509 383 536 429 P.
557 382 725 431 VIRGlLll
742 384 914 433 Mnuonls

223 520 376 594 Constitit,
393 530 423 580 et
435 521 542 599 Libyae
556 522 658 580 definit
671 522 782 581 lumina
797 525 907 602 regnis.

220 616 322 692 Atque
337 616 420 675 illum
433 618 510 674 tales
526 617 692 692 jaetantem
707 626 827 695 pectore
848 638 936 676 curas

221 709 360 781 Tristior,
377 719 405 767 et
421 711 561 786 lacrymis
576 711 680 769 oculos
694 711 808 769 suffusa
822 712 959 783 nitentes,

220 803 393 880 Alloquitur
399 804 434 881 ,V
437 791 582 901 enust
598 804 649 881 qui
663 824 712 862 res
727 805 936 882 hominumque
951 802 1099 884 deumque
1196 842 1199 847 -

220 896 361 956 AEternis
375 898 456 976 regis
470 899 612 974 imperiis,
628 907 658 956 et
673 898 793 957 fulmine
807 908 914 971 terres,
1154 904 1216 961 230

222 989 304 1058 Quid
318 1011 403 1049 meus
416 990 537 1050 AEneas
552 992 581 1048 in
596 1001 625 1049 te
640 992 824 1050 committere
837 1000 963 1064 tantum,

222 1083 303 1151 Quid
316 1085 413 1143 Trois
428 1083 562 1163 potuere,
581 1086 699 1162 quibus,
715 1094 757 1142 tot
773 1085 878 1143 sunere
894 1087 1000 1163 pessis,

221 1176 360 1237 Cunctus
374 1181 412 1237 ob
427 1179 544 1237 ltaliam
558 1189 708 1237 terrarum
721 1179 871 1238 clauditur
879 1180 966 1261 ¹orbis
980 1179 990 1235 l

222 1270 315 1332 Certi
330 1273 399 1331 binc
412 1273 569 1332 Romanos
583 1274 664 1345 olim,
681 1262 868 1332 volventibus
882 1275 979 1347 annis,

220 1363 304 1424 Hinc
318 1365 381 1423 sore
396 1365 546 1438 ductores,
563 1376 705 1426 revocato
719 1386 738 1424 a
750 1368 898 1446 sanguine
911 1368 1035 1441 Teucri,
1153 1370 1214 1427 285

222 1457 284 1526 Qui
298 1479 392 1531 mare,
409 1460 459 1536 qui
473 1468 571 1518 terras
585 1460 664 1518 omni
680 1460 789 1518 ditione
804 1470 951 1532 tenerent,

220 1531 507 1625 PollicitusffQuae
525 1564 566 1624 te,
583 1554 711 1631 genitor,
728 1555 876 1611 sententia
890 1554 1006 1612 vertit?

220 1643 293 1704 Hoc
307 1647 446 1722 equidem
460 1666 603 1704 occasum
615 1646 716 1722 'l'rojae
730 1647 891 1724 tristesque
906 1648 1007 1706 ruinas

222 1740 359 1811 Solabar,
375 1740 443 1798 satis
458 1739 611 1799 contraria
622 1741 684 1798 sata
698 1741 866 1818 rependens

223 1829 315 1891 Nunc
330 1833 435 1891 eadem
449 1834 568 1891 fortuna
580 1834 660 1892 viros
675 1842 717 1891 tot
731 1764 955 1892 casibusfis
1153 1836 1217 1894 240

222 1925 403 2003 Insequitur.
446 1928 545 1994 Quem
560 1926 614 1984 das
629 1927 728 1998 finem,
744 1947 799 1985 rex
818 1946 936 2006 magne,
953 1928 1087 1987 laborum
1103 1928 1114 1985 l

220 2021 356 2079 Antenor
370 2021 474 2100 potuit,
491 2021 596 2079 mediis
610 2022 731 2099 elapsus
745 2020 880 2092 Achivis,

221 2113 361 2193 Illyricos
374 2126 533 2193 penetrare
548 2116 632 2173 sinus
647 2125 737 2192 utque
748 2115 852 2173 intima
866 2103 947 2174 tutus

221 2207 333 2286 Regna
345 2207 556 2280 Liburnorum,
574 2217 603 2267 et
617 2208 729 2267 fontem
742 2228 888 2287 superare
900 2209 1018 2292 Timavi
1032 2227 1039 2279 ;

221 2300 309 2360 Unde
324 2322 377 2380 per
391 2323 445 2361 ora
459 2322 566 2361 novem
580 2312 665 2360 vasto
679 2322 747 2360 cum
763 2322 914 2360 murmure
929 2283 1063 2359 montis
1155 2294 1215 2361 ‘2345

223 2392 250 2453 It
264 2415 346 2453 mare
362 2405 545 2473 proruptum,
561 2405 591 2453 et
606 2396 713 2472 pelago
728 2396 833 2473 premit
849 2414 920 2453 arva
935 2414 1009 2452 sonu
1031 2394 1062 2454 ti.

222 2487 287 2547 Hic
301 2497 400 2547 tamen
414 2490 463 2547 ille
479 2491 583 2548 urbem
600 2488 707 2547 Patavi
722 2489 871 2564 sedesque
886 2488 1001 2546 locavit

223 2580 421 2654 Teucrorum,
438 2593 467 2641 et
481 2585 564 2663 genti
577 2602 683 2641 nomen
698 2581 789 2653 dedit,
806 2600 950 2656 armaque
966 2580 1027 2638 fixit

222 2676 318 2734 Troia
332 2696 340 2746 3
364 2697 443 2734 nunc
458 2678 574 2754 placida
589 2675 760 2753 compdstus
773 2695 848 2753 pace
865 2674 1001 2751 quiescit.

223 2768 298 2841 Nos,
315 2778 367 2828 tua
382 2771 552 2848 progenies,
567 2771 637 2829 coeli
651 2770 758 2847 quibus
772 2769 878 2827 annuis
893 2786 1005 2839 urcem,
1155 2771 1217 2828 250

222 2862 360 2922 Navibus
376 2864 542 2942 (infandum
556 2867 576 2941 l)
591 2864 717 2933 amissis,
733 2862 820 2921 unius
835 2864 873 2918 ob
888 2861 963 2918 iram

221 2956 389 3028 Prodimur,
407 2969 496 3035 atque
512 2959 596 3017 ltalia
611 2958 699 3036 longe
715 2957 912 3035 disjungimur
926 2957 996 3015 oris.
1006 2988 1023 3047 Ι,

222 3049 285 3110 Ηίο
300 3052 417 3128 pietatis
431 3053 525 3110 honos
542 3053 553 3108 ?
574 3053 617 3110 sic
632 3072 686 3111 nos
701 3053 730 3109 in
745 3059 865 3127 sceptra
879 3051 999 3128 reponis
1014 3050 1026 3107 l

262 3145 322 3204 Olli
336 3145 494 3203 subridens
509 3146 659 3205 bominum
673 3155 756 3204 sator
774 3154 865 3221 atque
880 3144 1014 3216 deorum,

221 3240 326 3311 Vultu,
345 3260 403 3317 quo
417 3240 527 3298 coelum
542 3249 796 3316 tempestatesque
810 3247 941 3310 serenat,
1155 3241 1217 3298 955

222 3333 337 3392 Oscula
351 3334 453 3392 libavit
467 3341 544 3391 natue
561 3353 569 3403 ;
592 3332 700 3391 dehine
713 3334 787 3390 talia
802 3333 880 3390 satur
892 3343 948 3481 τί*

262 3427 361 3484 Parce
375 3435 465 3497 metu,
483 3426 654 3503 Cytherea:
679 3433 799 3483 manent
814 3425 902 3483 immo
916 3444 933 3482 a
947 3434 1066 3485 tuorum

223 3518 302 3579 Fata
314 3521 367 3578 tibi
382 3541 389 3590 ;
413 3541 521 3579 cernes
536 3522 639 3578 urbem
654 3529 683 3578 et
699 3512 844 3597 promissa
856 3519 967 3578 Lavini

223 3614 349 3686 Moeniu,
366 3616 581 3692 sublimemque
596 3616 675 3673 seres
690 3614 726 3672 ed
741 3613 840 3673 sidera
852 3616 923 3674 coeli

223 3708 450 3786 Magnanimum
464 3710 589 3767 AEneen
604 3729 612 3779 ;
635 3727 733 3785 neque
747 3728 794 3766 me
809 3710 956 3767 sententia
971 3710 1119 3811 vertitu?
1156 3710 1219 3768 260

223 3800 287 3859 Hie
302 3800 370 3873 (tibi
384 3802 470 3859 fabor
483 3803 572 3873 enim,
589 3802 708 3879 quando
721 3802 787 3861 haee
801 3812 831 3861 te
845 3823 920 3862 cura
933 3803 1094 3883 remordet,

223 3893 359 3972 Longilrs
372 3903 402 3952 et
416 3895 539 3952 volvens
553 3896 680 3955 satorum
695 3916 808 3955 arcana
822 3897 961 3973 movebo)

223 3987 341 4048 Bellum
356 3986 462 4067 ingens
476 3997 561 4065 geret
577 3989 675 4061 ltalifi,
693 3990 876 4068 populosque
891 3990 1009 4048 seroces

225 4082 324 4143 Contu
386 4092 398 4140 t
414 4101 421 4152 ;
445 4101 604 4157 moresque
619 4083 690 4141 viris
704 4094 733 4140 ot
747 4083 857 4141 moenia
872 4091 980 4159 ponet:

223 4082 415 4321 'ferti‘
426 4174 516 4236 Latio
536 4186 712 4256 regnantem
728 4177 832 4235 viderit
847 4183 946 4248 oestas,
1156 4177 1218 4235 265
