2692 5122
483 770 704 820 GEORGICON
725 771 795 820 Llll.
810 772 856 821 tv.

174 909 302 978 Amisso,
319 907 430 987 rupere
452 909 541 969 fidem
559 931 567 981 ;
591 919 822 989 constructaque
836 911 925 971 mella

175 1001 335 1081 Diripuere
351 1003 434 1080 ipsae,
451 1013 481 1061 et
495 1018 595 1062 crates
609 1003 725 1064 solvere
740 1005 883 1064 favorum.
993 1058 998 1073 ,

175 1095 228 1153 llla
241 1115 365 1174 operum
380 1104 483 1155 custos
498 1117 506 1167 ;
529 1098 611 1156 illum
626 1099 808 1156 admirantur
823 1118 831 1169 ;
855 1108 884 1156 et
897 1117 1000 1157 omnes

176 1180 378 1249 Circumstant
393 1191 512 1248 fremitu
527 1191 630 1264 denso,
646 1193 814 1270 stipantque
829 1192 1000 1269 frequentes
1016 1210 1025 1262 ;

174 1282 212 1341 Bt
226 1283 307 1362 saepe
322 1285 459 1342 attollunt
472 1285 614 1357 humeris,
630 1299 660 1343 et
675 1304 802 1363 corpora
815 1286 894 1344 bello

174 1376 343 1452 Objectant,
360 1378 574 1456 pulchramque
588 1387 691 1457 petunt
709 1379 902 1457 pervaluere
914 1385 1048 1439 mortem.

210 1470 271 1529 His
286 1470 407 1547 quidam
421 1472 525 1550 signis,
542 1480 630 1548 atque
645 1472 710 1530 hoec
726 1474 862 1550 exempla
875 1472 981 1544 secuti,

175 1561 250 1625 Esse
265 1565 370 1642 apibus
386 1574 498 1642 partem
512 1564 619 1624 divinae
633 1566 739 1623 mentis
754 1575 782 1624 et
797 1567 922 1624 haustus

174 1657 331 1717 AEtherios
346 1657 459 1717 dixere.
495 1657 594 1717 Βουω
608 1679 736 1736 namque
751 1659 794 1717 ire
808 1679 862 1737 per
875 1678 977 1717 omnes

174 1750 356 1828 Terraeque,
373 1760 547 1828 tractusque
562 1753 661 1823 maris,
678 1753 847 1829 coelumque
863 1751 1059 1830 profundum:

175 1843 256 1902 Hine
277 1844 418 1921 pecudes,
435 1853 578 1916 armenta,
595 1845 684 1916 viros,
701 1865 797 1923 genus
812 1865 897 1904 omne
913 1845 1052 1916 ferarum,

176 1936 334 2017 Quemque
348 1937 405 1994 sibi
424 1946 529 1996 tenues
544 1948 718 1997 nascentem
733 1958 887 1997 arcessere
902 1939 1001 1998 vitas:

175 2029 296 2088 Scilicet
310 2031 370 2088 huc
384 2030 472 2089 reddi·
482 2031 588 2090 deinde
603 2050 639 2090 ac
653 2034 786 2091 resoluta
800 2033 904 2091 referri

176 2122 301 2182 Omnia:
324 2143 381 2182 nec
395 2125 481 2182 morti
500 2143 567 2183 esse
581 2126 680 2184 locum
693 2145 701 2195 ;
725 2127 777 2184 sed
793 2126 860 2184 viva
873 2126 975 2184 volare

176 2216 287 2275 Sideris
301 2217 332 2275 in
345 2236 511 2290 numerum,
528 2226 618 2295 atque
633 2218 693 2276 alto
707 2218 871 2276 succedere
886 2219 973 2278 coelo.

215 2311 246 2368 Si
260 2310 379 2387 quando
394 2310 496 2369 sedem
510 2324 668 2388 augustam
682 2320 861 2387 servataque
875 2311 966 2369 mella

176 2404 339 2463 Thesauris
352 2406 463 2463 relines
481 2424 489 2474 ;
513 2404 593 2482 prius
607 2405 716 2463 haustu
730 2425 852 2482 sparsus
867 2423 1011 2481 aquarum

176 2498 238 2558 Ora
251 2499 329 2570 fove,
345 2500 503 2574 fumosque
518 2517 608 2580 manu
622 2497 773 2575 praetende
787 2516 943 2572 sequaces.

176 2591 226 2651 Bis
240 2592 379 2671 gravidos
394 2600 506 2670 cogunt
520 2591 620 2662 foetus,
637 2590 696 2648 duo
710 2598 844 2668 tempora
856 2590 982 2649 messis:

176 2685 311 2764 Taygete
327 2687 411 2744 simul
428 2704 462 2744 os
475 2685 564 2742 terris
579 2683 706 2742 ostendit
720 2684 876 2742 honestum

177 2777 266 2850 Plias,
283 2788 312 2837 et
327 2777 443 2837 Oceani
456 2786 572 2855 spretos
586 2776 661 2855 pede
675 2777 783 2854 repulit
798 2797 900 2836 amnes
915 2797 923 2848 ;

177 2873 235 2930 Aut
250 2872 356 2930 eadem
369 2872 452 2930 sidus
466 2871 584 2949 fugiens
599 2871 649 2929 ubi
667 2870 765 2929 Piscis
779 2872 887 2948 aquosi

176 2965 303 3023 Tristior
316 2965 456 3022 hibernas
470 2965 548 3023 coelo
562 2964 715 3022 descendit
735 2965 764 3022 in
778 2965 883 3025 undas.

178 3058 238 3116 Illis
252 3059 297 3116 ira
312 3057 428 3116 modum
449 3077 539 3136 supra
552 3066 607 3128 est,
624 3058 764 3135 laesaeque
780 3078 926 3118 venenum

177 3151 326 3210 Morsibus
341 3151 494 3229 inspirant,
511 3160 539 3210 et
553 3152 667 3229 spicula
682 3173 763 3211 caeca
779 3154 950 3230 relinquunt

177 3245 281 3304 Affixae
297 3244 391 3316 venis,
407 3247 580 3320 animasque
595 3246 623 3302 in
639 3245 761 3302 vulnere
776 3254 896 3322 ponunt.

215 3339 277 3409 Sin,
294 3338 400 3396 duram
413 3346 548 3395 metuens
565 3338 702 3408 hiemem,
719 3357 884 3415 parcesque
899 3338 1009 3410 futuro,

179 3430 387 3508 Contusoaqua
403 3432 516 3489 animos
531 3440 560 3488 et
574 3450 623 3488 res
637 3428 819 3487 miserabere
834 3430 946 3487 fractas
963 3450 971 3499 ;

179 3525 216 3583 At
230 3525 331 3583 suffire
346 3526 458 3601 thymo,
475 3542 621 3599 cerasque
635 3521 771 3579 recidere
786 3522 901 3593 inanes,

179 3620 254 3687 Quis
269 3620 382 3678 dubitet
398 3619 409 3674 l
432 3637 501 3675 nam
514 3617 593 3694 saepe
609 3616 692 3673 favos
706 3616 824 3692 ignotus
839 3615 938 3673 adedit

180 3715 291 3785 Stellio,
307 3723 336 3771 et
349 3712 489 3789 lucifugis
503 3718 647 3788 congesta
661 3709 769 3766 cubilia
784 3709 883 3767 blattis
897 3728 905 3778 ;

180 3806 378 3883 immunisque
393 3806 500 3864 sedens
514 3805 614 3862 aliena
628 3802 664 3860 ad
679 3804 787 3880 pabula
802 3803 897 3874 fucus,

179 3900 238 3960 Aut
254 3921 341 3979 asper
355 3903 462 3958 crabro
477 3898 638 3976 imparibus
652 3916 685 3954 se
700 3897 855 3954 immiscuit
870 3896 982 3967 aruris3

178 3995 235 4052 Aut
251 3994 357 4066 dirum,
373 3995 471 4065 tineae,
486 4013 593 4071 genus,
610 4000 661 4049 aut
675 3991 771 4048 invisa
786 3989 935 4049 Minervae
1015 3999 1017 4003 ’

179 4086 277 4146 Laxos
292 4089 321 4144 in
337 4088 449 4145 foribus
463 4086 615 4163 suspendit
630 4103 742 4142 aranea
755 4102 868 4142 casses.

181 4180 248 4247 Quo
262 4179 358 4258 magis
373 4181 525 4238 exhaustae
544 4178 662 4248 fuerint,
675 4178 735 4242 ,hoc
751 4176 849 4234 acrius
864 4195 966 4235 omnes

182 4269 356 4330 Incumbent
371 4272 490 4350 generis
504 4271 580 4348 lapsi
593 4271 705 4328 sarcire
720 4269 832 4341 ruinas,

183 4362 439 4444 Complebuntque
454 4365 544 4434 foros,
562 4373 591 4421 et
606 4364 728 4421 floribus
742 4364 851 4421 horrea
863 4371 974 4422 terent.

219 4461 250 4518 Si
264 4459 347 4531 verb,
364 4460 502 4544 quoniam
517 4478 605 4516 casus
620 4456 724 4535 apibus
740 4478 856 4533 quoque
870 4466 987 4516 nostros

183 4551 251 4612 Vita
264 4555 342 4626 tulit,
358 4554 434 4612 tristi
448 4554 632 4632 languebunt
647 4570 772 4628 corpora
785 4553 898 4622 morbo,

826 4661 847 4703 rt
