2692 5122
465 792 639 843 &lemnos
660 793 729 841 [ΑΒ.
743 792 791 840 xl.

138 936 164 994 It
178 935 257 993 coelo
271 934 443 1009 clamorque
457 931 563 1003 virftm,
579 932 763 1010 clangorque
778 933 925 990 tubarum.

136 1029 219 1090 Hinc
234 1028 285 1087 alii
298 1029 393 1106 spolia
406 1028 515 1086 occisis
529 1027 652 1103 derepta
666 1025 784 1084 Latinis

137 1123 310 1200 Conjiciunt
326 1124 396 1197 igni,
412 1122 526 1199 galeas,
545 1139 693 1195 ensesque
708 1119 845 1190 decoros,

136 1217 317 1294 Frenaque,
334 1216 542 1291 ferventesque
556 1222 637 1272 rotas
651 1233 659 1283 ;
683 1233 753 1290 pars
767 1233 891 1273 munera
904 1223 983 1286 nota,
1069 1217 1124 1274 195
1225 1201 1230 1214 ⁹

137 1311 273 1389 Ipsorum
287 1310 419 1389 clypeos,
436 1317 465 1366 et
479 1329 537 1366 non
552 1308 652 1366 felicia
664 1307 734 1366 tela.

136 1404 233 1463 Multa
247 1405 337 1461 boum
350 1403 433 1460 circa
446 1410 615 1460 mactantur
629 1422 756 1479 corpora
769 1402 862 1462 Morti
874 1423 883 1474 3

138 1497 350 1575 Setigerosque
365 1515 444 1567 sues,
460 1504 621 1573 raptasque
636 1514 674 1553 ex
688 1497 824 1554 omnibus
838 1497 920 1574 agris

139 1587 173 1649 In
186 1590 335 1647 flammam
345 1588 482 1666 jugulant
498 1589 637 1665 pecudes.
679 1588 758 1647 Tum
772 1589 869 1647 littore
884 1597 946 1648 toto

137 1682 286 1742 Ardentes
301 1691 436 1759 spectant
450 1682 560 1752 socios,
577 1682 778 1757 semiustaque
793 1691 914 1739 servant
1065 1684 1126 1740 000

137 1775 232 1835 Busta
246 1795 254 1846 ;
277 1795 375 1851 neque
390 1776 478 1833 avelli
492 1784 626 1852 possunt,
642 1794 700 1833 nox
714 1775 835 1833 humida
848 1775 944 1835 donec

138 1868 261 1928 invertit
276 1869 385 1927 coelum
400 1869 494 1927 stellis
508 1869 690 1946 fulgentibus
709 1878 818 1945 aptum.

176 1962 205 2021 N
208 1981 244 2020 ec
258 1962 354 2019 minias
368 1970 397 2018 et
411 1962 512 2020 miseri
525 1960 646 2020 diversa
659 1962 689 2020 in
704 1969 788 2040 parte
801 1962 902 2021 Latini

139 2056 314 2116 Innumeras
328 2054 463 2115 struxere
478 2076 578 2133 pyras,
595 2065 624 2114 et
640 2076 766 2134 corpora
780 2057 885 2133 partim

136 2123 234 2210 Multa
247 2148 342 2209 virfim
354 2164 442 2210 terrae
458 2152 611 2222 infodiunt,
628 2161 793 2226 avectaque
810 2152 915 2228 partim
1065 2153 1125 2210 205

138 2243 292 2303 Finitimos
306 2245 411 2303 tollunt
426 2246 455 2303 in
469 2265 570 2323 agros,
588 2246 712 2321 urbique
721 2245 889 2304 remittunt.

139 2337 271 2409 catera,
287 2338 480 2414 consusaequo
494 2339 645 2416 ingentem
660 2338 751 2396 caedis
766 2358 919 2408 acervum,

138 2431 203 2492 Nec
218 2452 341 2490 numero
355 2451 411 2490 nec
426 2431 549 2502 honore,
565 2440 708 2488 cremant.
750 2432 837 2489 Tunc
852 2430 982 2507 undique
996 2431 1072 2490 vasti

139 2525 285 2585 Certatim
301 2526 417 2583 crebris
431 2526 580 2582 collucent
595 2524 714 2600 ignibus
733 2524 807 2601 agri.

137 2618 241 2678 Tertia
254 2620 304 2677 lux
318 2619 448 2697 gelidum
462 2618 540 2675 coelo
554 2618 719 2676 dimoverat
733 2619 878 2688 umbram,
1066 2619 1125 2675 210

137 2712 303 2771 llloerentes
318 2714 408 2770 altum
423 2713 554 2770 cinerem
569 2721 598 2771 et
612 2712 738 2770 confusa
751 2714 878 2770 ruebant

138 2806 215 2867 Ossa
229 2807 314 2877 focis,
331 2807 490 2883 tepidoque
505 2808 670 2863 onerabant
686 2825 799 2884 aggere
813 2797 926 2864 terras

174 2901 246 2960 Jam
260 2900 331 2959 veri>
347 2901 375 2958 in
390 2900 487 2969 tectis,
505 2899 664 2976 praedivitis
678 2902 752 2957 urbe
767 2900 878 2971 Latini,

137 2993 312 3072 Praecipuus
327 2993 437 3071 fragor,
455 3001 483 3049 et
498 2994 578 3070 longi
594 3013 662 3070 pars
676 2994 804 3051 maxima
818 2993 927 3052 luctfis.

138 3087 200 3148 Hic
214 3097 335 3157 matres,
351 3089 527 3162 miseraeque
543 3107 645 3158 nurus,
662 3086 710 3144 hic
726 3106 797 3144 cara
811 3106 947 3146 sororum

138 3181 265 3242 Pectora
279 3178 465 3248 moerenttim,
481 3181 624 3256 puerique
640 3181 813 3257 parentibus
827 3182 901 3251 orbi,

138 3274 245 3333 Dirum
259 3284 455 3331 exsecrantur
470 3274 589 3342 bellum,
605 3273 761 3348 Turnique
776 3274 948 3349 hymenaeos
964 3293 972 3343 ;

139 3368 239 3446 ipsum
254 3369 352 3439 armis,
369 3368 523 3444 ipsumque
537 3368 641 3442 jubent
656 3367 820 3424 decernere
836 3368 925 3438 ferro,

138 3463 197 3530 Qui
213 3481 337 3540 regnum
354 3460 449 3518 Italiae
464 3469 493 3516 et
509 3460 617 3536 primos
631 3460 687 3517 sibi
702 3469 805 3535 poscat
820 3460 958 3518 honores.

139 3554 279 3634 Ingravat
293 3556 358 3613 haec
373 3574 472 3611 savus
486 3553 636 3623 Drances,
653 3553 807 3628 solumque
823 3552 926 3610 vocari

139 3647 291 3720 Testatur,
308 3650 403 3705 solum
419 3648 501 3724 posci
520 3647 549 3703 in
563 3646 726 3702 certamina
739 3646 885 3704 Turnum.

139 3741 234 3801 Multa
247 3743 333 3800 simul
348 3743 455 3799 contra
469 3739 559 3798 variis
572 3739 720 3796 sententia
733 3739 820 3797 dictis
882 3769 889 3782 ·

138 3836 197 3895 Pro
212 3836 325 3906 Turno,
342 3843 371 3893 et
387 3853 525 3912 magnum
539 3833 652 3910 reginae
667 3852 774 3891 nomen
788 3834 965 3892 obumbrat:

139 3928 235 3988 Multa
249 3930 343 3987 virum
357 3929 470 3987 meritis
484 3935 628 3985 sustentat
643 3926 721 3983 fama
735 3927 866 4003 tropaeis.

175 4024 245 4082 Hos
260 4025 337 4081 inter
350 4035 457 4093 motus,
473 4022 571 4079 medio
586 4022 614 4077 in
629 4021 775 4097 flagrante
790 4022 927 4091 tumultu,

138 4116 232 4188 Ecce,
250 4116 341 4194 super
354 4117 453 4175 moesti
467 4113 576 4192 magnai
590 4115 745 4172 Diomedis
761 4116 798 4171 ab
814 4116 887 4171 urbe

138 4208 245 4289 Legati
260 4230 404 4287 responsa
418 4211 536 4267 ferunt:
560 4209 631 4266 nihil
646 4209 782 4265 omnibus
797 4217 896 4265 uotum

138 4303 305 4363 Tantorum
319 4304 459 4382 impensis
472 4321 595 4380 operum
610 4321 617 4369 ;
641 4302 681 4359 nil
697 4302 785 4373 dona,
801 4321 900 4378 nequa
915 4296 1029 4373 aurum,

139 4396 167 4455 N
170 4417 205 4456 ec
219 4417 344 4475 magnas
360 4397 488 4468 valuisse
503 4416 609 4473 preces
624 4414 631 4464 ;
655 4396 714 4452 alia
728 4416 809 4453 arma
824 4395 942 4454 Latinis

140 4488 322 4562 Quaerenda,
337 4500 388 4548 aut
403 4510 507 4568 pacem
522 4489 653 4566 Trojano
668 4491 705 4546 ab
720 4509 792 4566 rege
808 4489 974 4567 petendam.
1065 4489 1125 4545 030

139 4581 252 4643 Deficit
266 4584 380 4663 ingenti
393 4585 474 4643 luctu
488 4602 541 4642 rex
556 4584 619 4661 ipse
632 4582 768 4641 Latinus.
