2692 5122
496 751 669 801 AENEIDOS
692 751 763 799 LlB.
777 751 839 800 vlt

503 1138 834 1233 mun1nes

544 1341 781 1422 manavir.

175 1722 222 1782 Tu
236 1740 354 1799 quoque
368 1721 516 1780 littoribus
529 1723 648 1793 nostrin,
663 1723 779 1782 AEneia
793 1725 901 1796 nutrix,

175 1816 332 1876 AEternam
346 1815 475 1872 moriens
489 1815 608 1887 famam,
625 1814 742 1887 Caieta,
759 1817 866 1876 dedisti
878 1838 889 1888 ς

176 1909 214 1968 ut
226 1928 305 1967 nunc
320 1917 419 1966 servat
433 1908 526 1989 hones
540 1909 732 1980 redemtum,
749 1929 877 1987 ossaque
891 1930 998 1972 nomen

175 2001 324 2080 Hesperia
339 2003 368 2060 in
381 2000 500 2080 magni,
516 2003 542 2060 ai
557 2022 616 2078 qua
628 2011 674 2060 est
688 2023 725 2061 ea
738 2005 845 2081 gloria,
861 2005 969 2084 aignat.

174 2097 291 2174 Atpiue
307 2097 457 2172 exsequiis
470 2097 588 2154 AEneaa
602 2097 657 2154 rite
672 2099 786 2170 solutis,

175 2190 296 2268 Aggere
309 2190 470 2267 composito
483 2190 598 2262 tumuli,
615 2202 770 2268 postquam
783 2194 845 2251 alta
859 2191 997 2270 quidrunt

174 2284 325 2360 AEquora,
339 2283 432 2341 tendit
446 2284 502 2342 iter
516 2284 600 2354 velie,
617 2294 791 2361 portumque
806 2286 955 2362 relinquit.

175 2377 335 2454 Adspirant
349 2395 431 2435 aurea
444 2377 475 2434 in
488 2384 616 2447 noctem,
633 2396 689 2434 nec
702 2377 830 2435 candida
843 2397 950 2436 curcua

174 2468 260 2529 Luna
274 2479 364 2547 negat
378 2489 386 2539 ;
410 2468 545 2546 splendet
558 2469 684 2526 tremulo
697 2471 752 2527 sub
767 2469 875 2527 lumine
890 2479 1005 2547 pontus.

173 2562 312 2623 Proxima
325 2562 453 2622 Circaeae
467 2561 611 2619 raduntur
627 2562 726 2618 littora
739 2569 838 2632 terrie,

173 2656 267 2714 Dives
281 2657 453 2714 inaccessos
467 2655 517 2713 ubi
533 2654 609 2712 Solia
624 2654 684 2712 filia
698 2653 782 2712 lucoa

174 2749 301 2807 Aaeiduo
316 2757 435 2807 resonat
450 2756 549 2818 cantu,
565 2748 710 2823 tectisque
725 2748 860 2824 superbia

174 2841 238 2900 Urit
251 2841 405 2899 odoratam
419 2850 564 2898 nocturna
578 2841 730 2898 inlumina
744 2840 876 2913 cedrum,

174 2937 288 3012 Arguto
302 2944 407 2991 tenues
422 2952 600 3009 percurrens
614 2934 729 3010 pectine
744 2934 829 2993 telae.

173 3027 254 3086 Hinc
267 3026 399 3084 exaudiri
414 3027 541 3103 gemitus
556 3026 666 3102 iraque
684 3028 802 3085 leonum

174 3119 281 3177 Vincla
295 3116 484 3176 recusantdm
498 3127 526 3176 et
540 3117 610 3178 aerd
623 3122 678 3177 rub
692 3130 779 3178 nocte
793 3118 951 3181 rudentdm
964 3141 972 3192 3

175 3213 360 3290 Setigerique
374 3230 454 3282 rues,
471 3220 559 3287 atque
574 3213 603 3269 in
618 3214 800 3289 praesepibus
818 3216 880 3272 urai

175 3307 296 3374 Savire,
314 3323 350 3362 ac
364 3304 463 3362 formae
478 3324 650 3382 magnorum
665 3306 778 3363 ululare
797 3306 955 3383 luporum3

176 3398 259 3466 Quos
272 3398 422 3456 hominum
435 3418 472 3456 ex
486 3397 562 3455 sacie
577 3398 634 3455 dea
646 3418 727 3455 aava
742 3400 910 3474 potentibus
924 3399 1024 3459 herbis

174 3491 315 3551 Induerat
329 3491 421 3550 Circe
436 3491 465 3548 in
480 3491 578 3548 vultus
593 3509 628 3547 ac
641 3498 728 3567 terga
742 3490 881 3551 serarum,
1113 3494 1154 3552 20

166 3584 251 3661 ¹Quae
265 3604 303 3642 ne
318 3592 448 3642 monstra
462 3583 501 3661 pii
516 3591 688 3660 paterentur
700 3584 773 3641 talia
785 3585 883 3644 Troda

175 3676 274 3736 Delati
289 3677 319 3734 in
333 3687 446 3754 pertus,
462 3696 520 3733 neu
535 3676 634 3734 littora
648 3677 712 3734 dira
725 3679 868 3751 subirent,

176 3769 331 3846 Neptunus
346 3769 439 3826 ventis
454 3769 585 3846 implevit
599 3770 666 3827 vela
678 3772 828 3844 secundia,

175 3863 273 3940 Atque
290 3863 389 3939 sugam
403 3862 492 3933 dedit,
509 3870 538 3919 et
552 3870 660 3938 proeter
676 3864 751 3921 vada
763 3865 877 3925 fervida
890 3866 979 3926 vexit.
1027 3932 1033 3938 ,

211 3956 341 4030 Jamque
356 3957 534 4037 rubescebat
549 3955 639 4014 radiis
652 3975 745 4028 mare,
762 3967 791 4015 et
805 3960 915 4019 aethere
930 3962 967 4020 ab
982 3960 1041 4021 alto
1114 3962 1153 4019 26
1209 4003 1216 4010 -

176 4050 294 4107 Aurora
307 4048 338 4105 in
352 4048 445 4106 roseis
460 4048 592 4125 fulgebat
606 4049 687 4107 lutea
701 4051 798 4128 bigis:

177 4141 276 4209 Quum
290 4141 370 4199 venti
385 4139 521 4218 poenire,
538 4142 691 4217 omnisque
706 4145 826 4220 repente
841 4145 950 4205 resedit

176 4233 290 4306 Fletus,
307 4243 337 4292 et
351 4235 380 4291 in
394 4234 473 4292 lento
487 4235 636 4293 luctantur
650 4256 796 4296 marmore
810 4247 916 4299 tonsae.

176 4329 274 4404 Atque
288 4327 338 4384 hic
351 4327 471 4384 AEneaa
485 4326 634 4404 ingentem
648 4348 685 4386 ex
700 4349 818 4407 aequore
830 4332 932 4391 lucum

175 4419 332 4498 Prospicit.
373 4419 465 4477 Hunc
480 4419 556 4477 inter
570 4420 658 4478 fluvio
674 4421 833 4482 Tiberinus
847 4445 974 4499 animno,
1115 4430 1155 4488 ³0

175 4511 348 4573 Vorticibus
361 4512 481 4591 rapidis,
496 4520 526 4571 et
541 4511 633 4572 multi
646 4513 741 4574 flavus
754 4519 856 4589 arene,
1066 4493 1071 4512 '
