2692 5122
219 379 274 436 182
496 373 522 420 P.
548 374 713 420 VIRGILII
738 373 910 421 Minonis

215 511 350 591 Degere,
367 532 448 571 more
463 513 545 584 serae,
562 514 638 571 tales
652 533 708 571 uec
721 522 847 591 tangere
862 515 970 571 curas!

216 607 285 666 Non
299 616 419 665 servata
434 608 508 666 fides
522 609 616 666 cineri
631 608 775 684 promissa
789 607 916 684 Sychaeo
931 610 938 666 l

215 701 328 759 Tantos
343 702 393 760 illa
408 722 462 760 suo
476 704 632 779 rumpebat
646 711 767 778 pectore
783 711 915 779 questus.
940 754 945 763 .

253 795 374 854 AEneas
389 794 473 854 celsai
486 796 515 853 in
531 796 630 873 puppi,
642 797 703 871 jam
719 805 819 853 certus
833 795 932 865 eundi,

215 886 369 965 Carpebat
383 909 512 962 somnos,
529 891 619 947 rebus
636 890 698 965 jam
712 889 766 947 rite
786 890 905 966 peratis.

214 982 298 1041 Huic
312 1002 345 1040 se
360 983 454 1041 forma
467 983 525 1054 dei,
543 984 623 1041 vultu
642 983 793 1040 redeuntis
808 983 923 1055 eodem,

214 1076 327 1136 Obtulit
344 1077 373 1134 in
388 1077 509 1148 somnis,
526 1096 691 1152 rursusque
706 1077 747 1134 ita
762 1077 825 1134 visa
839 1096 961 1134 monere
975 1084 1042 1146 est;

214 1170 323 1230 Omnia
336 1169 490 1228 Mercurio
503 1169 618 1240 similis,
634 1188 809 1247 vocemque,
825 1171 1026 1247 coloremque,

213 1263 254 1322 Et
269 1264 368 1322 crines
382 1264 486 1334 flavos,
503 1273 532 1321 et
547 1264 680 1320 membra
694 1264 805 1320 decora
822 1262 975 1339 juventa:

213 1357 294 1416 Nate
308 1355 375 1428 det,
392 1365 477 1435 potes
491 1357 547 1415 boc
562 1358 617 1415 sub
632 1377 705 1415 cusu
721 1357 831 1415 ducere
846 1377 964 1415 somnos
980 1357 990 1412 ?
1141 1356 1203 1415 560

213 1451 242 1510 N
245 1471 291 1522 eo,
309 1471 375 1529 qum
389 1460 419 1509 te
434 1451 546 1509 circum
561 1459 639 1508 stent
653 1451 759 1508 deiude
775 1452 919 1528 pericula,
935 1450 1035 1508 cernis
1050 1449 1061 1506 i

213 1545 367 1604 Demens!
390 1564 446 1603 nec
460 1544 616 1621 Zephyros
631 1545 716 1602 audis
731 1546 845 1621 spirare
860 1545 1007 1603 secundos
1022 1545 1033 1600 ?

213 1638 270 1697 Illa
283 1639 366 1696 dolos
382 1638 537 1714 dirumque
552 1638 636 1695 nefas
650 1637 679 1695 in
694 1648 815 1714 pectore
831 1647 939 1708 versat,

214 1731 310 1792 Certa
324 1732 407 1802 mori,
424 1732 566 1807 varioque
579 1732 689 1789 irarum
703 1731 827 1789 fluctuet
842 1740 926 1790 aestu.

213 1827 282 1886 Nou
296 1826 375 1903 sugis
389 1825 457 1883 hinc
472 1845 616 1902 praeceps,
633 1825 702 1882 dum
718 1826 901 1902 praecipitare
917 1826 1075 1902 potestas?
1141 1829 1203 1887 565

212 1920 280 1979 Jam
294 1938 376 1976 mare
390 1918 505 1977 turbari
519 1919 664 1989 trabibus,
681 1938 835 1994 saevasque
850 1918 963 1977 videbis

212 2011 375 2074 collucere
390 2013 483 2082 faces,
503 2013 565 2087 jam
579 2012 694 2070 fervere
709 2012 806 2069 littora
821 2013 956 2085 flammis,

213 2109 244 2167 Si
258 2118 287 2166 te
302 2108 347 2165 his
362 2108 493 2185 attigerit
507 2108 595 2165 terris
608 2110 727 2165 Aurora
743 2116 915 2167 morantem.

212 2201 271 2260 Eia
285 2221 354 2278 ege,
370 2220 473 2277 rumpe
488 2220 596 2259 moras.
639 2201 765 2259 Varium
780 2211 809 2259 et
823 2204 962 2262 mutabile
977 2222 1095 2283 semper

212 2295 359 2355 Foemina.
401 2295 451 2352 Sic
466 2295 553 2366 fatus,
570 2296 649 2353 nocti
664 2315 696 2352 sc
711 2296 867 2353 immiscuit
883 2306 965 2356 atrae.
1141 2300 1202 2358 570

251 2389 330 2446 Tum
345 2387 416 2446 verb
430 2388 561 2460 AEneas,
577 2388 681 2445 subitis
695 2390 854 2447 exterritus
868 2390 989 2464 umbris,

209 2480 345 2558 Corripit
361 2501 377 2539 e
392 2502 495 2539 somno
510 2502 628 2559 corpus,
645 2482 802 2557 sociosque
817 2484 942 2562 fatigat:

212 2574 386 2652 Proecipites
399 2575 531 2652 vigilate,
546 2576 611 2645 viri,
628 2584 657 2632 et
671 2575 815 2633 considite
830 2578 967 2636 transtri
981 2597 989 2648 3

214 2670 324 2727 Solvite
339 2669 407 2726 vela
420 2669 480 2726 citi.
522 2669 619 2738 Deus,
636 2668 746 2725 aethere
762 2669 868 2727 missus
883 2674 921 2728 ab
936 2671 1007 2744 alto,

211 2762 370 2821 Festinare
385 2763 496 2841 sugam,
513 2770 665 2837 tortosque
685 2761 815 2820 incidere
832 2764 927 2835 funes,
1140 2767 1200 2824 575

211 2856 296 2915 Ecce
311 2857 417 2916 iterum
431 2856 569 2914 stimulat.
613 2857 772 2931 Sequimur
785 2867 825 2926 te,
842 2867 945 2916 sancte
960 2858 1094 2932 deorum,

213 2949 358 3027 Quisquis
372 2971 415 3021 es,
432 2950 616 3026 imperioque
630 2950 737 3008 iterum
752 2971 890 3028 paremus
906 2962 1040 3012 ovantes.

211 3044 301 3103 Adsis
316 3066 344 3116 o,
361 3044 555 3122 placidusque
572 3044 671 3120 juves,
687 3055 716 3101 et
731 3045 830 3102 sidera
845 3046 923 3103 coelo

211 3139 328 3197 Dextra
341 3140 429 3197 feras.
471 3139 554 3196 Dixit
570 3158 577 3196 τ
600 3137 769 3216 vaginaque
784 3138 870 3216 eripit
884 3158 987 3198 ensem

211 3232 409 3303 Fulmineum,
426 3233 588 3309 strictoque
604 3233 669 3289 ferit
684 3233 849 3290 retinacula
863 3233 951 3292 ferro.
1140 3235 1200 3294 580

212 3327 295 3385 Idem
309 3348 412 3385 omnes
426 3328 512 3385 simul
528 3328 617 3384 ardor
631 3327 719 3384 habet
736 3348 743 3395 ;
768 3329 957 3406 rapiuntque,
973 3338 1133 3408 ruuntque.
1215 3334 1218 3341 '

210 3419 328 3480 Littera
341 3418 501 3479 deseruere
516 3439 523 3488 ;
547 3420 620 3477 latet
634 3421 688 3476 sub
703 3421 850 3481 classibus
865 3443 991 3499 aequor3

211 3513 320 3573 Adnixi
336 3521 475 3589 torquent
490 3531 620 3590 spumas,
637 3522 666 3570 et
681 3517 794 3573 cmrula
808 3526 938 3576 verrunt.

250 3609 290 3667 Et
307 3608 370 3683 jam
387 3607 481 3684 prima
493 3626 570 3663 novo
584 3609 745 3684 spargebat
760 3610 869 3668 lumine
883 3620 981 3670 terras
1245 3584 1269 3637 D

210 3702 332 3760 Tithoni
346 3721 487 3759 croceum
501 3700 638 3776 linquens
652 3703 770 3760 Aurora
786 3706 902 3762 cubile:
1139 3705 1200 3764 586

210 3795 332 3873 Regina
346 3814 363 3852 e
378 3796 509 3872 speculis
524 3805 554 3853 nt
569 3797 694 3872 primum
710 3798 865 3856 albescere
880 3799 979 3857 lucem

210 3888 302 3959 Vidit,
318 3897 347 3946 et
362 3890 488 3965 arquatis
503 3891 630 3947 classem
645 3891 808 3968 procedere
824 3893 908 3964 velis,

209 3981 386 4060 Litteraque
400 3993 430 4042 ct
445 4004 556 4042 vacuos
570 3987 662 4044 sensit
677 3986 740 4043 sine
756 3987 868 4063 remige
883 3996 985 4063 portus
1001 4006 1009 4058 ;

209 4075 332 4152 Terque
348 4087 513 4155 quaterque
528 4099 617 4137 manu
632 4089 737 4157 pectus
752 4100 895 4156 percussa
909 4080 1062 4153 decorum,

209 4168 431 4250 Flaveutesque
446 4174 581 4231 abscissa
594 4193 715 4232 comas:
737 4173 817 4231 Proh
831 4174 970 4251 Jupiter!
991 4173 1046 4232 ibit
1137 4174 1201 4234 590
