2692 5122
656 350 665 363 S

347 368 355 383 C
908 374 913 387 0

468 789 693 843 GEORGlCON
713 790 783 838 uta.
798 791 850 838 111.

175 928 303 990 Munere
317 928 362 988 sic
374 928 463 988 niveo
476 930 565 1002 lause,
582 930 607 989 si
621 930 746 989 credere
760 929 883 1009 dignum
896 937 952 1004 est,

175 1023 251 1096 Pan,
266 1023 342 1082 deus
355 1022 506 1095 Arcadiae,
524 1031 643 1101 captam
656 1033 696 1097 te,
712 1022 811 1096 Luna,
827 1023 942 1096 fefellit,

176 1117 212 1178 lu
224 1137 348 1177 nemora
360 1117 424 1176 alta
436 1136 548 1176 vocans
561 1136 570 1187 ;
594 1137 650 1176 nec
664 1127 696 1177 tu
711 1125 872 1196 aspamsta
882 1126 1050 1179 vocantem.

213 1214 265 1283 At,
282 1211 332 1271 cui
346 1212 433 1270 lactis
447 1230 541 1284 amor,
556 1212 686 1289 cytisum
699 1213 835 1288 lotosque
849 1211 1024 1289 frequentes

176 1305 244 1386 Ipse
259 1325 350 1364 manu
364 1306 521 1382 salsasque
536 1306 612 1365 serat
627 1307 812 1384 praesepibus
826 1307 945 1366 barbas.
1106 1307 1166 1368 ³96

175 1400 258 1460 Hinc
272 1408 303 1459 et
317 1409 417 1459 amant
434 1399 540 1459 fluvios
554 1399 661 1479 magis,
678 1420 713 1459 sc
728 1400 825 1479 magis
839 1401 936 1459 ubera
947 1398 1084 1472 tendunt,

175 1495 215 1554 Et
228 1495 302 1553 salis
316 1495 466 1554 occultum
479 1495 611 1554 referunt
631 1495 661 1553 in
675 1496 755 1554 lacte
768 1513 917 1572 saporam.

145 1606 147 1611 ’
175 1587 263 1647 Multi
279 1588 343 1664 jam
362 1597 500 1647 excretos
514 1588 669 1666 prohibent
684 1608 702 1646 a
715 1589 860 1647 matribus
873 1586 986 1659 bardos,

175 1673 335 1758 Primaque
349 1681 468 1740 famatis
482 1682 640 1761 praefigunt
654 1702 709 1740 ora
721 1682 870 1761 capistris.

177 1775 267 1844 Quod
281 1783 424 1853 surgente
439 1775 486 1834 die
500 1775 631 1835 mulsere
645 1777 786 1853 horisque
801 1776 925 1847 diurnis,
1106 1774 1167 1834 400

176 1869 274 1929 Nocte
289 1877 425 1947 premunt
441 1888 449 1938 ;
473 1870 553 1946 quod
569 1870 632 1946 jam
646 1871 778 1928 tenebris
791 1879 822 1928 at
837 1870 901 1928 sole
914 1868 1051 1941 cadente,

178 1963 238 2021 Sub
253 1963 352 2021 lucem
365 1972 526 2042 exportans
540 1964 666 2022 calathis
680 1964 741 2023 adit
754 1964 863 2042 oppida
881 1972 1003 2042 peston

177 2058 236 2115 Aut
250 2076 344 2134 parco
358 2057 421 2116 sale
435 2058 621 2136 contingunt,
637 2058 787 2134 hiemique
803 2065 958 2135 reponunt.

214 2149 282 2209 Nec
296 2150 349 2209 tibi
364 2171 438 2209 cura
451 2171 559 2209 canum
578 2151 667 2210 fuerit
681 2160 831 2229 postrema
846 2171 855 2222 ;
878 2150 932 2210 sed
946 2148 1009 2211 aaa

177 2241 307 2302 Veloces
322 2245 436 2321 Spartae
451 2245 578 2315 catulos,
594 2263 757 2321 acremque
772 2243 953 2316 Molossum,
1104 2243 1165 2302 406

177 2335 273 2396 Pasce
288 2356 358 2395 sero
371 2338 482 2416 pingui.
525 2338 688 2414 Nunquam
701 2338 875 2396 custodibus
888 2338 947 2395 illis

178 2429 365 2490 Nocturnum
382 2431 508 2489 stabulis
522 2431 628 2502 furem,
644 2431 845 2505 incursusque
858 2430 1007 2507 luporum,

179 2524 238 2582 Aut
252 2525 416 2602 impacatos
430 2543 449 2581 a
461 2532 549 2602 tergo
564 2523 700 2581 horrebis
714 2521 830 2602 Iberos.

179 2617 263 2694 Saepe
279 2619 369 2676 ctiam
384 2637 475 2675 cursu
493 2617 612 2675 timidos
625 2618 754 2695 agitabis
768 2636 907 2694 onagros,

178 2708 218 2769 Et
238 2712 363 2770 canibus
377 2712 519 2788 leporem,
537 2711 662 2769 canibus
677 2713 825 2769 venabere
840 2710 944 2770 damas
959 2729 967 2768 t
1106 2710 1167 2768 410

180 2804 263 2884 Saepe
278 2806 442 2864 volutabris
461 2806 561 2884 pulsos
576 2807 762 2865 silvestribus
775 2825 863 2884 apros

179 2897 303 2957 Latratu
318 2900 453 2958 turbabis
468 2919 571 2978 agens,
587 2908 762 2976 montesque
777 2920 831 2978 per
844 2901 921 2960 altos

180 2991 336 3070 lugentem
349 2992 479 3051 clamore
493 3013 611 3071 premes
626 2993 662 3051 ad
678 2994 755 3051 retia
768 3013 899 3054 cervum.

218 3086 312 3144 Disce
327 3095 358 3144 et
372 3087 524 3145 odoratam
538 3088 663 3145 stabulis
677 3087 844 3146 accendere
859 3087 993 3161 cedrum,

180 3179 396 3257 Galbaneoque
411 3183 525 3259 agitare
539 3201 649 3260 graves
664 3182 767 3241 nidore
781 3182 949 3259 chelydros.
1105 3183 1166 3240 416

182 3275 266 3351 Smpe
281 3276 337 3332 sub
351 3275 477 3333 immotis
492 3275 674 3352 praescpibus
687 3283 737 3333 aut
752 3276 832 3333 mala
845 3284 928 3335 tactu

179 3366 294 3445 Vipera
307 3368 430 3439 delituit,
447 3368 617 3445 coelumque
632 3369 775 3426 exterrita
789 3367 864 3445 fugit
880 3388 888 3438 ;

181 3462 241 3520 Aut
259 3470 339 3519 tecto
353 3470 491 3519 assumus
506 3461 629 3519 coluber
642 3460 807 3519 succedere
821 3468 850 3517 et
865 3461 988 3532 umbrat,

181 3553 279 3614 Pestis
294 3556 404 3612 acerba
418 3556 517 3624 boum,
534 3553 695 3630 pecorique
710 3571 871 3630 aspergere
886 3552 978 3625 virus,

181 3645 267 3705 Fovit
281 3648 410 3707 humum.
441 3646 527 3723 Cape
542 3665 616 3704 saxa
629 3665 729 3717 manu,
746 3665 821 3723 cape
835 3648 953 3719 robora,
970 3653 1092 3725 peston
1107 3647 1167 3705 420

181 3739 408 3817 Tollentemque
423 3741 518 3798 minas
533 3747 562 3798 et
577 3739 665 3798 sibila
679 3739 755 3797 colla
768 3747 930 3799 tumentem

182 3832 287 3909 Dejice
301 3852 308 3890 :
326 3834 450 3911 jamque
464 3833 538 3912 sugis
550 3833 684 3892 timidum
698 3843 787 3912 caput
801 3833 915 3892 abdidit
928 3833 998 3907 alte,

184 3924 282 3993 Quum
296 3926 384 3985 medii
398 3947 492 3985 nexus
506 3937 707 4003 extremaeque
720 3927 839 4003 agmina
851 3927 955 3987 caudas

184 4019 352 4092 Solvuntur,
368 4021 530 4096 tardosque
545 4021 635 4079 trahit
650 4021 733 4079 sinus
747 4020 866 4078 ultimus
881 4022 979 4081 orbes.

218 4112 275 4171 Est
289 4114 380 4171 etiarn
392 4114 443 4172 illa
457 4115 553 4172 malus
568 4114 708 4173 Calabris
726 4114 895 4172 insultibus
910 4114 1027 4193 anguis,
1107 4116 1166 4174 495

185 4207 330 4283 Squamea
343 4209 524 4267 convolvens
538 4209 655 4267 sublato
670 4216 791 4287 pectore
804 4217 902 4286 terga,

184 4300 280 4377 Atque
299 4301 378 4360 notis
392 4302 512 4381 longam
526 4303 695 4361 maculosus
704 4302 872 4383 grandibus
886 4302 1007 4372 alvum;

184 4385 253 4468 Qui,
269 4397 339 4455 dum
354 4417 456 4456 amnes
470 4398 522 4456 ulli
535 4408 712 4476 rumpuntur
725 4399 864 4472 sontibus,
884 4407 913 4458 at
927 4398 997 4458 dum

182 4485 261 4547 Vere
276 4490 397 4549 madent
411 4492 468 4550 udo
481 4500 571 4551 terrm
586 4512 622 4551 ac
636 4493 813 4571 pluvialibus
826 4493 946 4566 austris,

184 4580 297 4662 Stagna
310 4584 382 4644 colit
398 4603 407 4654 ς
428 4585 561 4665 ripisque
574 4585 724 4661 babitans,
740 4586 790 4647 bic
803 4587 935 4667 piscibus
949 4593 1045 4646 atram
1108 4584 1168 4644 ΒΟ
