2692 5122
180 387 242 447 m
469 382 496 429 Ρ.
517 381 685 429 vutmul
708 380 881 430 ursolus

181 522 436 598 Partheniumque
449 520 538 598 Rapo
552 530 582 578 ct
595 521 766 598 praedurum
777 521 893 580 viribus
909 517 1031 591 Orseu3

182 617 341 695 Messapus
356 616 567 692 Cloniumque,
582 615 829 692 Lycaoniumque
843 616 987 675 Erieetan
1000 634 1009 686 3

183 710 271 770 Illum
285 711 416 770 infraenis
430 711 500 786 equi
514 711 600 787 lapsu
613 709 721 768 tellure
731 710 893 785 jacentem,

183 809 276 868 Hunc
290 809 418 886 peditem
433 809 533 885 pedes.
576 808 617 865 Et
630 807 744 883 Lycius
763 816 951 884 processum
964 807 1053 886 Agis,

184 903 283 970 Quem
296 914 396 961 tamen
411 902 490 961 haud
504 921 612 981 expers
625 902 757 959 Valerus
771 901 888 959 virtutis
903 902 992 960 avitas

182 996 316 1074 Dejicit;
340 1005 370 1055 at
383 997 548 1055 Thronium
563 997 672 1066 Salius,
689 996 862 1070 Saliumque
876 995 1018 1068 Nealces,

183 1089 313 1168 Insignis
323 1091 427 1166 jaculo
441 1099 470 1149 et
485 1090 573 1169 longe
589 1091 708 1148 fallente
722 1087 842 1167 sagitth.

221 1183 292 1242 Jam
305 1185 406 1262 gravis
421 1185 559 1260 aequabat
574 1184 672 1242 luctus
686 1190 717 1240 et
731 1191 834 1240 mutua
847 1181 974 1240 Mavors

182 1277 306 1336 Funera
320 1297 328 1348 3
351 1277 507 1335 eaedebant
522 1277 633 1354 pariter
647 1277 818 1353 pariterque
832 1276 960 1333 ruebant

181 1371 322 1429 Victores
336 1371 477 1447 victique,
493 1390 590 1447 neque
605 1371 651 1427 his
665 1370 737 1446 suga
749 1377 820 1426 nota
833 1388 932 1445 neque
942 1368 1013 1453 illis.

181 1464 224 1523 Di
236 1464 322 1522 Jovis
336 1465 365 1523 in
380 1465 468 1522 tectis
482 1465 556 1522 iram
569 1465 749 1522 miserantur
762 1464 881 1520 inanem

182 1561 356 1630 Amborum,
373 1567 402 1616 et
416 1567 514 1617 tantos
525 1558 698 1616 mortalibus
712 1577 779 1614 esse
794 1557 922 1615 labores.

182 1651 264 1710 Hinc
279 1652 395 1724 Venus,
411 1652 480 1710 hinc
495 1652 601 1709 contra
614 1661 728 1728 spectat
744 1651 884 1708 Saturnia
900 1649 991 1709 June.

182 1745 299 1805 Pallida
312 1745 476 1823 Tisiphone
490 1746 587 1803 media
601 1746 678 1803 inter
691 1745 783 1802 millia
799 1745 893 1802 saevit.

182 1842 222 1898 At
238 1839 308 1897 verb
324 1840 474 1917 ingentem
490 1840 627 1915 quatiens
640 1839 811 1896 Mezentius
825 1839 942 1896 hastam

182 1932 334 1990 Turbidus
349 1933 515 2011 ingreditur
529 1952 644 2009 campo.
687 1932 786 2000 Quam
804 1951 931 2010 magnus
945 1931 1052 2005 Orion,

184 2024 286 2093 Quum
300 2025 391 2103 pedes
405 2027 514 2084 incedit
528 2027 617 2083 medii
630 2045 684 2103 per
698 2027 825 2083 maxima
839 2026 933 2083 Nerei

183 2121 308 2198 Stagna,
325 2122 403 2179 viam
418 2121 567 2191 scindens,
586 2121 707 2178 humero
721 2121 921 2197 supereminet
935 2119 1031 2178 undas
1044 2139 1053 2189 3

181 2216 242 2273 Aut
257 2216 378 2272 summis
392 2216 526 2272 reserens
541 2235 683 2272 annosam
697 2215 846 2272 montibus
858 2233 974 2285 ornum,

182 2307 411 2385 Ingrediturque
424 2308 499 2378 solo,
515 2316 544 2365 et
559 2316 647 2385 caput
662 2309 740 2366 inter
754 2307 856 2365 nubila
869 2306 969 2365 condit
983 2325 991 2362 ε

181 2400 266 2458 Talis
281 2420 314 2458 se
328 2402 420 2458 vastis
434 2401 521 2457 insert
536 2401 706 2458 Mezentius
720 2401 819 2458 armis.

181 2492 265 2551 Huic
280 2493 382 2551 contri
397 2494 528 2563 AEneas,
545 2494 715 2569 speculatus
729 2494 757 2551 in
777 2494 894 2571 agmine
909 2493 1010 2570 longo,

181 2585 296 2644 Obvius
310 2587 353 2643 ire
368 2595 462 2662 parat.
504 2585 608 2644 Manet
623 2588 838 2663 imperterritus
853 2588 912 2658 ille,

180 2679 310 2738 Hostem
323 2680 544 2756 magnanimum
557 2682 725 2758 opperiens,
743 2690 772 2739 et
787 2681 863 2739 mole
878 2679 935 2738 susi
947 2688 1007 2739 stat
1020 2699 1029 2750 3

180 2774 280 2847 Atque
295 2773 390 2830 oculis
404 2773 531 2848 spatium
545 2792 694 2844 emensus,
713 2783 854 2850 quantum
869 2775 942 2832 satis
954 2772 1051 2834 hastae
1067 2794 1074 2831 t

180 2865 308 2937 Dextra,
324 2866 394 2923 mihi
408 2867 492 2937 deus,
509 2878 538 2924 et
552 2868 653 2938 telum,
672 2868 749 2944 quod
764 2869 874 2926 missile
889 2868 975 2939 libro,

180 2960 209 3019 N
212 2980 270 3017 unc
285 2959 401 3017 adsint!
443 2961 548 3017 Voveo
563 2962 710 3038 praedonis
725 2981 850 3039 corpore
864 2963 958 3040 raptis

180 3054 319 3112 Indutum
333 3055 435 3131 spoliis
449 3056 545 3131 ipsum
558 3064 599 3126 te,
615 3055 728 3126 Lause,
743 3065 888 3132 tropaeum

179 3149 300 3207 AEneae.
342 3150 436 3219 Dixit,
453 3150 686 3224 stridentemque
700 3151 815 3207 eminus
829 3151 945 3209 hastam

180 3242 277 3318 Injicit
293 3262 300 3312 ;
324 3244 376 3301 illa
389 3246 493 3302 volans
508 3246 614 3321 clypeo
628 3254 673 3302 est
691 3264 829 3315 excussa,
846 3246 1010 3323 proculque

179 3335 346 3412 Egregium
359 3339 495 3394 Antoren
509 3338 586 3394 latus
602 3338 679 3394 inter
693 3346 722 3395 et
737 3338 787 3394 ilia
802 3338 865 3416 figit
881 3357 889 3407 3

179 3428 324 3486 Herculis
338 3429 474 3487 Antoren
488 3432 636 3501 comitem,
654 3432 704 3507 qui
718 3432 823 3489 missus
833 3433 871 3489 ab
880 3431 975 3511 Argis

179 3522 322 3580 Haeserat
336 3523 489 3593 Evandro,
507 3534 596 3600 atque
613 3524 690 3582 Itali
705 3524 882 3582 consederat
895 3528 979 3585 urbe.

179 3617 327 3674 Sternitur
341 3617 441 3674 infelix
457 3618 554 3675 alieno
569 3619 703 3689 vulnere,
720 3619 889 3695 coelumque

178 3709 324 3786 Adspicit,
341 3719 370 3767 et
384 3711 487 3768 dulces
502 3713 630 3769 moriens
644 3713 844 3770 reminiscitur
857 3715 966 3791 Argos.

177 3802 256 3861 Tum
271 3805 337 3881 pius
349 3806 470 3863 AEncas
484 3807 598 3865 hastam
609 3808 704 3882 jacit:
727 3808 777 3866 illa
792 3828 845 3886 per
858 3811 961 3867 orbem

176 3897 256 3954 AErc
272 3919 378 3956 cavum
392 3901 510 3977 triplici,
528 3921 582 3978 per
595 3902 675 3960 linea
688 3912 786 3980 terga,
802 3904 958 3979 tribusque

176 3989 309 4048 Transiit
322 3993 463 4050 intextum
477 3995 571 4052 tauris
585 4016 669 4073 opus,
687 3997 805 4073 imaque
819 3997 895 4055 sedit

176 4083 303 4162 Inguine
319 4105 326 4154 3
351 4086 403 4144 sed
417 4088 496 4146 vires
511 4089 589 4147 haud
604 4090 732 4167 pertulit.
776 4091 870 4150 Oeihs
884 4109 987 4150 ensem

176 4177 306 4251 AEneas,
322 4180 386 4239 viso
400 4181 550 4258 Tyrrheni
565 4184 712 4262 sanguine
727 4184 823 4257 laetus,
