2692 5122
905 386 919 395 --ι

906 418 918 431 ἱ

906 464 921 477 1·

500 756 676 805 AENElDOS
697 759 765 805 LlB.
781 758 833 805 lll.

172 890 312 949 Postibus
326 891 460 951 adversis
473 894 544 972 lige,
560 904 590 953 et
603 916 666 954 rem
682 898 813 956 carmine
828 896 935 975 signe:

173 984 293 1045 AEnsss
308 1006 377 1045 arno
392 1006 434 1045 na
447 987 570 1046 Danais
584 1010 770 1050 vrcrearaus
785 1011 883 1051 sams.

170 1080 324 1157 Linquere
339 1090 398 1140 tum
415 1092 518 1159 pertus
533 1085 637 1160 jubeo,
654 1093 683 1142 et
698 1068 853 1144 considere
867 1085 1014 1145 transtris.

173 1171 318 1233 Certatim
333 1175 406 1233 socii
421 1175 529 1233 feriunt
544 1196 637 1248 mare,
654 1187 683 1236 et
698 1199 819 1255 aequera
833 1191 962 1239 verrunt.
1100 1180 1160 1239 290

171 1265 320 1325 Protenus
335 1268 433 1326 aerias
447 1269 609 1328 Phaeacum
624 1273 833 1331 abscondimus
849 1292 946 1345 arces,

171 1358 347 1438 Litteraque
361 1362 445 1440 Epiri
459 1363 596 1440 legimus,
613 1374 760 1441 perteque
775 1369 909 1424 subimus

173 1451 321 1525 Chaonio,
337 1463 367 1512 et
384 1457 495 1514 celsam
509 1457 645 1515 Buthroti
661 1459 831 1517 accedimus
846 1462 958 1518 urbem.

210 1548 275 1605 Hic
291 1549 471 1607 incredibilis
486 1570 585 1607 rernm
599 1550 678 1609 sama
692 1561 820 1629 occupat
835 1572 935 1626 aures,

171 1639 342 1700 Priamiden
357 1641 510 1701 Helenum
524 1645 635 1702 Graias
650 1665 778 1722 regnare
793 1666 846 1724 per
860 1649 960 1721 urbes,
1099 1648 1159 1707 295

173 1733 323 1813 Conjugio
337 1736 477 1795 AEacidae
491 1736 599 1814 Pyrrhi
614 1741 799 1816 sceptrisque
814 1742 936 1818 petitum
950 1761 958 1812 ;

171 1828 213 1886 Et
227 1829 322 1905 patrie
336 1830 566 1889 Andromachen
582 1833 687 1890 iterum
701 1835 829 1892 cessisse
845 1836 960 1896 marite.

173 1921 321 2001 Obstupui
336 1942 343 1992 3
367 1924 500 1999 miroque
516 1926 669 1984 incensum
684 1937 788 2004 pectus
803 1948 904 1986 amere

173 2015 364 2094 Compellare
378 2018 482 2088 virum,
499 2027 528 2076 et
543 2038 633 2077 casus
647 2040 831 2098 cognoscere
845 2031 953 2081 tantos.

171 2109 353 2188 Progredior
366 2121 462 2188 portu,
477 2113 591 2170 classes
605 2122 634 2170 et
649 2115 748 2172 littera
762 2116 911 2191 linquens,
1094 2103 1160 2175 '³00

212 2204 367 2262 Selemnos
381 2213 441 2262 tum
456 2205 530 2263 sorte
545 2207 636 2283 dapes
650 2216 679 2264 et
693 2209 789 2265 tristia
804 2209 891 2279 dena,
905 2198 925 2207 ”

174 2297 252 2355 Ante
267 2298 370 2355 urbem
384 2297 415 2355 in
429 2299 507 2369 luce,
524 2300 591 2357 salsi
606 2301 762 2358 Simoentis
778 2301 814 2358 ad
829 2303 948 2373 undem,

173 2389 302 2449 Libebat
316 2392 411 2449 cineri
425 2394 645 2464 Andromache,
661 2392 829 2469 Manesque
844 2395 972 2451 vocabat

174 2483 359 2543 Hectoreum
375 2486 412 2544 ad
426 2486 581 2557 tumulum,
598 2486 682 2543 viridi
699 2507 785 2561 quem
801 2488 913 2563 cespite
928 2487 1056 2558 inanem,

174 2577 214 2636 Et
228 2579 372 2656 geminas,
390 2599 512 2636 causam
528 2580 679 2655 lacrymis,
696 2588 869 2637 sacraverat
884 2600 962 2639 aras.
1102 2582 1161 2639 300

174 2670 213 2730 Ut
228 2692 273 2731 me
288 2674 441 2752 conspexit
456 2674 633 2744 venientem,
651 2682 680 2730 et
695 2672 787 2730 Troia
801 2674 915 2732 circirm

175 2765 268 2825 mma
283 2787 386 2826 amens
401 2766 482 2838 vidit,
498 2768 613 2846 magnis
628 2769 769 2824 exterrita
784 2768 942 2840 monstris,

174 2858 305 2938 Diriguit
321 2863 385 2918 visu
402 2862 430 2919 in
445 2862 541 2919 medie
557 2881 564 2930 ;
588 2862 671 2919 caler
685 2881 754 2918 essa
768 2861 888 2937 reliquit
903 2880 911 2932 ;

173 2952 308 3024 Labitur,
326 2964 355 3012 et
370 2955 458 3033 lenge
472 2956 520 3012 vix
534 2955 653 3012 tandem
667 2963 800 3032 tempere
816 2955 914 3014 satur:

174 3046 295 3104 Verane
310 3056 339 3105 te
354 3048 456 3119 facies,
473 3068 562 3106 verus
576 3049 646 3106 mihi
661 3050 780 3107 nuntius
795 3050 894 3122 affers,
1100 3050 1161 3108 ote

68 3196 79 3207 ,
174 3141 253 3199 Nate
268 3139 351 3199 det?
372 3142 483 3199 vivisne
498 3142 509 3197 ?
530 3151 591 3211 aut,
608 3143 633 3200 si
647 3144 697 3201 lux
712 3145 790 3202 alma
803 3131 940 3215 recessit,

173 3236 291 3295 Hector
305 3235 355 3292 ubi
370 3235 440 3292 est?
481 3236 575 3305 Dixit,
592 3237 800 3313 lacrymasque
815 3237 929 3308 effudit,
946 3243 976 3295 et
990 3255 1107 3295 emnem

174 3328 310 3407 Implevit
324 3329 453 3387 clamere
467 3329 575 3386 locum.
617 3330 677 3387 Vix
692 3350 788 3407 pauca
803 3330 912 3387 furenti

176 3421 317 3500 Subjicie,
334 3430 363 3479 et
377 3422 454 3480 raris
468 3423 605 3479 turbatus
619 3424 743 3479 vecibus
757 3423 841 3479 hisco
855 3440 862 3478 :

173 3514 252 3573 Vive
267 3516 414 3591 equidem,
431 3516 582 3591 vitamque
597 3524 729 3571 extrema
746 3533 798 3591 per
812 3514 910 3572 omnia
924 3514 1011 3572 duee.
1101 3515 1160 3572 ote

175 3609 222 3667 Ne
236 3610 338 3667 dubita
352 3630 359 3679 ;
383 3628 453 3666 narn
467 3628 539 3665 vera
554 3608 646 3666 vides.

174 3703 267 3761 Heu!
290 3704 354 3779 quis
367 3712 398 3761 te
414 3721 503 3759 casus
518 3702 664 3777 dejectam
679 3701 805 3779 conjuge
820 3707 902 3759 tante

173 3797 292 3873 Excipit
308 3797 318 3851 ?
340 3804 390 3854 aut
407 3815 473 3871 quae
488 3794 577 3873 digna
592 3795 665 3852 satis
679 3794 796 3852 fortuna
810 3794 912 3853 revisit
926 3794 953 3869 l¹

173 3890 329 3961 Hectoris,
346 3889 565 3958 Andromacho,
582 3888 722 3964 Pyrrhin’
737 3888 885 3946 connubia
899 3886 1028 3947 servas?

173 3983 293 4059 Deiecit
309 3984 430 4054 vultum,
447 3991 476 4040 ct
491 3981 620 4040 demissa
634 4000 707 4039 voce
722 3983 822 4040 locuta
835 3990 880 4040 est
896 4000 903 4039 :
1101 3981 1162 4038 800

213 4077 241 4134 Ο
256 4077 325 4134 felix
340 4096 400 4135 una
414 4085 481 4134 ante
497 4078 571 4134 alias
584 4076 735 4133 Priameia
748 4077 842 4153 virge,

175 4168 325 4228 Hostilem
340 4170 377 4229 ad
391 4171 546 4241 tumulum,
561 4170 660 4245 Trejae
675 4170 731 4226 sub
746 4170 893 4227 moenibus
907 4168 985 4241 altis,

173 4263 266 4322 Jussa
281 4265 364 4336 meri,
383 4285 448 4341 quae
463 4265 584 4323 sortitus
599 4283 656 4321 non
672 4264 791 4340 pertulit
806 4264 892 4335 ullos,

173 4356 203 4416 N
207 4377 242 4415 ec
257 4359 376 4416 victoris
390 4358 454 4417 heri
468 4358 565 4436 tetigit
580 4358 699 4435 captiva
713 4357 831 4415 cubile!

174 4451 250 4524 Nes,
267 4452 364 4530 patriai
378 4451 512 4524 incensi,
529 4452 650 4523 diversa¹
662 4470 715 4528 per
728 4471 851 4527 aequera
865 4458 969 4521 rectae,

176 4546 283 4623 Stirpis
297 4545 443 4604 Achilleae
458 4547 560 4617 fastus,
580 4544 782 4622 juvenemque
796 4543 968 4618 superbum,

454 4639 518 4696 12*
874 4652 895 4693 ι
