2692 5122
182 410 240 468 ,ὃς
474 405 500 452 a.
520 406 686 454 vinetum
704 404 877 455 unaoms

183 546 283 621 Atque
298 545 425 602 animum
439 545 541 621 patriae
555 546 671 603 strinxit
685 546 804 622 pietatis
820 546 928 624 imago.

183 638 458 696 Tumsiceffatur:

184 733 321 810 Spondeo
336 732 426 810 digna
439 732 498 790 tuis
513 732 682 809 ingentibus
694 733 793 791 omnia
806 733 921 810 emptis.

184 825 321 901 Namque
336 827 391 882 erit
405 827 463 884 ista
476 826 550 883 mihi>
560 827 706 903 genetrint
722 844 888 901 nomenque
903 824 1032 886 creusa

184 920 284 977 Solum
299 918 436 990 desuerit,
453 939 510 977 nec
525 930 640 996 partum
653 920 750 997 gretie
763 921 851 978 talem

184 1009 282 1069 Parva
297 1022 405 1071 manet.
448 1013 547 1071 Casus
561 1013 670 1070 sactum
685 1013 864 1088 quicumque
878 1019 1065 1088 sequuntur;

181 1104 242 1163 Per
256 1115 345 1181 ceput
359 1107 416 1164 hoc
426 1106 505 1181 juro,
523 1126 575 1182 per
589 1106 667 1181 qued
682 1114 766 1182 peter
781 1106 849 1163 ante
864 1105 977 1163 solebat
994 1123 1003 1175 3

184 1199 260 1266 Quae
275 1201 326 1257 tibi
342 1201 484 1276 polliceor
498 1199 600 1257 reduci
614 1201 762 1274 rebusque
779 1198 928 1269 secundis,

182 1292 261 1351 Haec
276 1293 379 1351 eadem
394 1293 538 1369 matrique
552 1302 611 1350 tuae
626 1292 788 1369 generique
809 1293 977 1349 manebunt.

183 1387 233 1443 Sic
248 1388 287 1443 ait
301 1388 512 1463 illacrymans:
534 1386 657 1444 humero
673 1385 758 1442 simul
772 1385 852 1442 exuit
867 1402 969 1442 ensem

182 1480 337 1550 Auratum,
355 1478 429 1536 miri
444 1497 531 1554 quem
546 1478 658 1535 fecerat
673 1486 738 1534 arte
751 1476 875 1553 Lycaon

181 1569 324 1642 Gnosius,
342 1580 431 1647 atque
445 1571 573 1628 habilem
587 1570 699 1647 vaginis
713 1569 831 1647 aptarat
844 1567 967 1628 eburna.

181 1663 244 1721 Dat
258 1665 286 1721 N
290 1665 333 1722 iso
346 1664 524 1722 Mnestheus
539 1663 644 1741 pellem
659 1665 865 1740 horrentisque
880 1663 976 1722 leonis

181 1758 315 1815 Exuvias
331 1777 339 1826 ;
364 1759 482 1835 galeam
496 1759 573 1815 fidus
587 1767 733 1835 permutat
748 1759 860 1816 Aletes.

181 1851 330 1910 Protenus
343 1853 447 1910 armati
462 1852 602 1910 incedunt
618 1872 625 1922 ;
651 1872 724 1929 quos
739 1854 832 1910 omnis
845 1860 951 1927 euntes

181 1943 346 2003 Primorum
361 1965 466 2003 manus
480 1947 516 2003 ad
531 1947 843 2023 portasjuvenumqne
857 1961 1022 2020 senumque
1123 1974 1129 1989 =

180 2037 376 2113 Prosequitur
390 2040 474 2098 votis.
517 2041 655 2098 Necnon
670 2048 699 2096 et
714 2039 836 2116 pulcher
851 2037 945 2108 Iulus,

181 2133 259 2189 Ante
275 2152 369 2190 annos
384 2134 571 2209 animumque
586 2152 695 2210 gerens
709 2149 871 2207 curamque
886 2130 1011 2202 virilem,

181 2223 277 2280 Multa
291 2227 367 2301 patri
381 2227 526 2303 portenda
540 2227 630 2284 dabat
643 2225 782 2283 mandata
798 2244 806 2293 ;
829 2223 882 2281 sed
897 2242 978 2281 auras

181 2316 288 2374 Omnia
302 2318 483 2395 discerpunt,
500 2328 529 2376 et
543 2320 670 2376 nubibus
686 2319 767 2375 irrita
781 2318 901 2375 donant.

219 2410 344 2486 Egressi
359 2420 499 2487 superant
514 2412 618 2481 fossas,
635 2413 790 2487 noctisque
805 2430 858 2488 per
871 2410 1005 2467 umbram

181 2500 291 2560 Castra
305 2504 424 2560 inimica
440 2513 551 2581 petunt,
568 2507 666 2562 multis
679 2514 778 2562 tamen
792 2502 860 2562 ante
875 2501 966 2561 futuri

180 2596 288 2653 Exitio.
329 2597 445 2654 Passim
460 2617 562 2656 somno
576 2599 703 2674 vinoque
719 2618 771 2675 per
784 2599 907 2655 herbam

181 2689 318 2767 Corpora
332 2691 398 2748 fusa
412 2691 521 2762 vident,
539 2701 671 2749 arrectos
685 2693 782 2749 littore
796 2710 915 2760 currus,

181 2782 262 2840 Inter
276 2784 340 2841 lora
353 2793 494 2860 rotasque
510 2786 598 2855 uiros,
615 2787 699 2843 simul
715 2805 797 2843 arma
808 2786 923 2860 jecere,

179 2876 258 2934 Vina
271 2878 367 2935 simul.
409 2877 496 2935 Prior
509 2879 692 2955 Hyrtacides
706 2880 749 2936 sic
764 2897 814 2936 ore
830 2878 967 2935 locutus:

179 2971 323 3047 Euryale,
340 2972 508 3031 audendum
521 2972 627 3030 dextra
643 2992 649 3028 :
674 2992 750 3030 nunc
766 2973 827 3048 ipsa
844 2979 928 3028 vocat
942 2989 1001 3028 res.

179 3066 250 3124 Hac
265 3068 320 3124 iter
334 3077 379 3124 est
395 3087 402 3123 t
425 3077 467 3138 tu,
484 3088 521 3126 ne
537 3088 596 3144 qua
609 3086 760 3124 manasse
775 3065 909 3122 attollere
924 3063 1011 3121 nobis

178 3161 206 3216 A
219 3169 304 3237 tergo
320 3163 420 3237 possit,
438 3163 562 3232 custodi,
579 3170 608 3218 et
623 3162 746 3218 consule
761 3157 859 3236 longe.

178 3251 256 3309 Haec
271 3274 327 3330 ego
342 3263 427 3312 vasta
440 3255 526 3325 dabo,
544 3263 572 3311 et
588 3256 647 3312 lato
660 3263 689 3311 te
704 3254 794 3310 limite
810 3252 925 3309 ducam.

178 3345 227 3402 Sic
243 3356 394 3417 memorat,
411 3366 573 3422 vocemque
589 3348 715 3423 premit:
738 3346 823 3403 simul
838 3364 909 3402 ense
923 3345 1087 3422 superbum

177 3439 374 3498 Rhamnetem
389 3440 570 3515 aggreditur,
587 3442 636 3516 qui
652 3441 726 3498 forte
740 3440 888 3516 tapetibus
903 3437 971 3494 altis
1101 3434 1160 3494 ³26

177 3533 356 3591 Exstructus
369 3540 431 3589 toto
446 3532 589 3608 proflabat
603 3542 723 3610 pectore
739 3552 871 3590 somnum
886 3550 894 3600 ;

176 3627 245 3683 Rex
260 3627 346 3695 idem,
362 3633 391 3681 et
406 3626 469 3702 regi
483 3626 587 3683 Turno
601 3628 786 3703 gratissimus
800 3644 916 3703 augur:

178 3720 235 3777 Sed
251 3739 309 3776 non
324 3719 449 3795 augurio
464 3720 555 3796 potuit
570 3720 718 3795 depellere
734 3728 856 3796 pestem.

177 3810 254 3869 Tres
267 3813 354 3886 juxta
368 3812 491 3871 famulos
504 3813 616 3871 temere
632 3814 708 3871 inter
721 3814 782 3871 tela
792 3814 940 3888 jacentes,

176 3906 424 3982 Armigerumque
439 3907 526 3964 Remi
542 3908 656 3984 premit,
673 3909 867 3984 aurigamque
882 3907 937 3963 sub
952 3903 1024 3981 ipsis
1103 3901 1160 3960 ³8)

176 3998 292 4057 Nactus
307 4000 401 4076 equis,
418 4000 556 4076 ferroque
570 4009 653 4058 secat
668 4001 825 4078 pendentia
839 4000 926 4057 colla.

175 4091 252 4149 Tum
268 4102 356 4169 caput
371 4094 425 4169 ipsi
440 4094 536 4150 aufert
550 4093 676 4164 domino,
693 4106 889 4168 truncumque
904 4090 1045 4168 relinquit

176 4185 327 4264 Sanguine
341 4186 551 4263 singultantem
567 4205 574 4255 ;
599 4195 664 4243 etro
678 4186 825 4263 tepefacta
840 4203 947 4243 cruore
