2692 5122
174 402 233 461 276
465 398 491 445 Ρ.
515 396 684 445 vinorum
711 397 884 447 MARONIS

176 535 301 596 Crimen
315 556 398 595 amor
411 544 552 608 vestrum,
568 536 729 614 fermeque
744 537 860 616 insigne
876 543 1030 614 paternoe3

177 628 313 706 Namque
328 630 436 701 ferunt,
452 631 533 688 luctu
548 629 685 706 Cycnum
699 630 892 689 Phaiitbontis
906 630 1006 703 amati,

176 723 326 802 Populeas
340 723 421 781 inter
430 723 550 781 frondes
564 725 757 799 umbramque
772 742 906 780 sororum
1110 724 1166 784 190

176 816 257 876 Dum
271 819 361 890 canit,
378 826 407 875 ct
422 826 559 876 moestum
573 816 664 876 Musd
677 817 790 875 solatur
803 832 943 889 amorem,

178 899 345 970 Cauentcni
360 911 439 969 molli
454 910 553 988 plumis
566 911 685 968 duxisse
700 917 863 981 senectam,

176 1003 376 1080 Linquentem
389 1012 496 1075 terras,
512 1015 542 1062 et
556 1004 656 1062 sidera
669 1023 743 1062 voce
758 1011 942 1081 sequentem.

178 1098 284 1170 Filius,
301 1100 433 1175 aequales
446 1099 603 1156 comitatus
617 1098 713 1155 classe
727 1108 876 1169 catervas,

179 1189 334 1270 lugentem
350 1192 439 1249 remis
454 1191 639 1250 Centaurum
653 1198 825 1268 promovet:
848 1191 897 1248 ille
1106 1192 1162 1249 195

179 1282 274 1342 Instat
289 1304 386 1360 aquae,
402 1304 567 1361 saxumque
582 1284 667 1342 undis
682 1285 808 1341 immane
823 1285 952 1342 minatur

177 1378 309 1450 Arduus,
326 1388 355 1437 et
369 1377 460 1457 longia
474 1379 569 1436 sulcat
584 1378 678 1436 maria
692 1378 753 1436 alta
766 1376 880 1436 carini.

217 1471 272 1529 Ille
286 1473 375 1529 etiam
390 1472 493 1549 patriis
508 1490 614 1550 agmen
630 1472 688 1529 ciet
702 1472 806 1529 Ocnus
820 1473 857 1529 ab
871 1471 942 1543 oris,

177 1564 323 1623 Fatidicae
338 1562 460 1623 Mantris
474 1572 504 1622 et
517 1565 610 1623 Tusci
625 1565 702 1623 filius
717 1565 822 1636 amnis,

178 1656 240 1725 Qui
254 1677 354 1716 muros
368 1659 527 1734 matrisque
541 1658 620 1715 dedit
634 1658 697 1728 tibi,
713 1658 850 1730 Mantua,
866 1677 983 1730 nomen,
1103 1656 1164 1715 900

177 1749 304 1809 Mantua
318 1751 400 1809 dives
414 1753 478 1809 avis
492 1771 499 1821 ;
524 1751 576 1809 sed
591 1771 649 1810 non
668 1771 763 1830 genus
777 1752 911 1810 omnibus
925 1769 1017 1810 unum
1031 1769 1039 1820 ;

178 1843 263 1903 Gens
278 1845 319 1902 illi
332 1846 449 1923 triplex,
465 1846 564 1923 populi
579 1847 633 1903 sub
651 1853 740 1924 gente
756 1846 891 1922 quaterni
905 1864 914 1915 3

179 1937 250 2016 Ipsa
264 1948 352 2016 caput
367 1940 501 2017 populis:
525 1939 627 1998 Tusco
641 1939 677 1997 de
692 1940 837 2018 sanguine
852 1938 939 1998 vires.

178 2031 261 2090 Hinc
277 2052 394 2110 quoque
411 2033 589 2111 quingentos
602 2033 631 2091 in
646 2052 678 2090 se
692 2032 862 2090 Mezentius
876 2039 982 2104 annet,

179 2124 266 2193 Quos
280 2135 363 2204 patre
378 2127 510 2198 Benaco,
528 2127 643 2184 velatus
658 2126 800 2185 arundine
821 2124 943 2204 glauca,
976 2164 979 2175 ·
1102 2124 1164 2182 906

178 2218 308 2279 Mincius
323 2220 431 2279 infestis
444 2221 573 2279 ducebat
592 2222 620 2279 in
635 2240 757 2299 aequora
771 2222 850 2298 pinu.

217 2313 245 2371 lt
259 2316 360 2392 gravis
375 2316 526 2386 Aulestes,
543 2314 731 2393 centenisque
745 2317 851 2373 arbore
866 2314 974 2372 fluctus

178 2406 327 2466 Verberat
342 2428 505 2487 assurgens
518 2429 525 2478 ;
549 2417 684 2486 spumant
700 2408 777 2466 vada
790 2426 935 2466 marmore
950 2425 1047 2465 verso.

178 2499 271 2558 Hunc
287 2501 365 2562 vehit
381 2502 515 2560 immanis
529 2503 645 2574 Triton,
661 2510 691 2559 et
705 2502 817 2560 caerula
831 2499 948 2559 conchis

177 2592 342 2652 Exterrens
358 2595 455 2652 freta:
479 2596 527 2653 cui
543 2596 667 2653 laterum
681 2604 768 2653 tenus
782 2595 897 2672 bispida
910 2593 993 2652 nanti
1104 2590 1166 2649 910

178 2686 277 2744 Frons
292 2687 438 2744 bominem
454 2689 581 2765 praesert,
599 2689 627 2746 in
643 2689 745 2766 pristin
759 2689 867 2746 desinit
882 2689 977 2759 alvus,
1049 2644 1079 2804 χ

179 2780 309 2856 Spumea
322 2780 460 2838 semifero
474 2782 528 2838 sub
543 2790 664 2859 pectore
680 2788 842 2839 murmurat
856 2780 944 2839 unda.

179 2870 237 2931 Tot
253 2874 320 2931 lecti
336 2894 476 2951 proceres
489 2883 535 2932 ter
549 2875 633 2933 denis
647 2876 772 2933 navibus
786 2875 868 2932 ibant

179 2968 317 3026 Subsidio
330 2969 442 3045 Trojae,
459 2978 488 3027 et
503 2989 625 3047 campos
638 2970 709 3027 salis
724 2989 783 3028 aere
798 2970 950 3027 secabant.

216 3062 344 3140 Jamque
359 3062 423 3121 dies
438 3064 515 3122 coelo
529 3071 731 3135 concesserat,
749 3064 886 3139 almaque
901 3078 992 3120 curru
1104 3058 1164 3117 910

178 3157 208 3216 N
210 3158 347 3235 octivago
361 3157 475 3216 Phoebe
490 3158 616 3216 medium
633 3158 768 3235 pulsabat
783 3158 950 3234 Olympum.

178 3251 308 3323 AEneas,
325 3253 514 3327 nequeenim
530 3252 669 3310 membris
683 3252 732 3310 dat
747 3272 820 3310 cura
836 3251 974 3327 quietem,

179 3343 247 3421 Ipse
262 3345 369 3402 sedens
384 3347 562 3421 clavumque
578 3346 655 3423 regit
670 3345 802 3421 velisque
817 3345 971 3402 ministrat.

177 3438 278 3514 Atque
294 3439 345 3509 illi,
362 3439 458 3496 medio
473 3439 501 3496 in
516 3439 621 3516 spatio,
638 3438 757 3511 chorus,
774 3458 858 3509 ecce,
874 3455 997 3495 suarum

178 3533 318 3591 Occurrit
333 3532 482 3602 comitum,
499 3532 527 3590 N
529 3532 657 3609 ympbae,
672 3552 745 3608 ques
760 3530 837 3589 alme
851 3531 977 3607 Cybebe
1102 3527 1164 3586 990

177 3625 296 3684 Numen
310 3624 422 3681 habore
438 3625 538 3696 maris,
555 3625 769 3702 Nymphasque
784 3644 800 3681 c
815 3624 940 3681 navibus
954 3640 1034 3694 esse,

176 3718 197 3776 J
200 3728 315 3776 usserat
329 3737 336 3774 ε
361 3718 502 3776 innabant
517 3720 638 3796 pariter,
655 3719 822 3794 fluctusque
837 3718 991 3790 secabant,

178 3809 259 3878 Quot
275 3810 354 3888 prius
369 3821 468 3870 aeratae
484 3821 628 3870 steterant
643 3812 680 3869 ad
694 3813 793 3870 littora
807 3830 912 3889 prorae.

177 3905 354 3982 Agnoscunt
368 3905 456 3982 longe
472 3925 584 3983 regern,
602 3905 786 3982 lustrantque
801 3905 929 3964 choreis.

179 3997 325 4069 Quarum,
344 4017 409 4073 quae
425 3997 503 4056 sandi
517 3999 697 4070 doctissima,
714 3998 918 4076 Cymodocea,
1104 3993 1161 4052 995

177 4090 260 4150 Pone
276 4109 417 4166 sequens,
433 4090 539 4149 dextris
553 4093 671 4169 puppim
685 4101 776 4162 tenet,
794 4092 919 4168 ipsaque
933 4089 1022 4148 dorso

177 4185 309 4255 Eminet,
326 4203 361 4242 ac
375 4185 450 4243 laeva
464 4186 562 4244 tacitis
576 4185 758 4262 subremigat
772 4184 868 4243 undis.
