2692 5122
209 373 248 430 w
285 417 289 427 Ι
498 369 525 416 l'.
545 369 714 419 visatur
730 373 903 425 MAsoltrs

248 506 383 579 Alternis
397 508 476 568 idem
487 517 592 569 tonsas
607 530 728 571 cessare
741 515 875 589 novales,

208 600 250 660 Et
264 622 390 682 segnem
409 601 523 682 patiere
539 604 597 663 situ
612 605 775 666 durescere
790 628 948 688 campum3

208 697 271 757 Aut
291 697 333 756 ibi
345 698 425 757 flava
439 718 534 771 aeres,
550 706 664 758 mutato
677 700 787 774 sidere,
803 702 894 776 sarra,

208 791 296 851 Unde
311 793 392 871 prihs
406 794 508 852 laetum
521 792 632 870 siliqud
647 805 809 871 quassante
823 797 974 875 legumen,

208 887 271 947 Aut
288 894 395 947 tenues
409 888 499 947 foetus
514 888 610 960 viciae,
626 889 780 966 tristiaque
794 885 887 970 lupini
1167 892 1205 950 75

209 982 374 1041 Sustuleris
389 982 512 1061 fragiles
527 983 658 1042 calamos
671 983 837 1061 silvamque
851 991 1030 1048 sonantem:

208 1077 276 1137 Urit
290 1079 369 1137 enim
382 1078 436 1137 lini
449 1098 587 1157 campum
600 1099 700 1159 seges,
719 1081 776 1139 urit
794 1100 909 1154 avenae,

207 1173 306 1233 Urunt
319 1174 445 1234 Letbaeo
460 1176 582 1254 perfusa
596 1195 748 1254 papavera
761 1197 874 1237 somno.

209 1267 269 1327 Sed
283 1276 384 1327 tamen
399 1269 523 1328 alternis
537 1270 634 1328 sachis
648 1269 734 1328 labor
747 1289 755 1340 3
780 1271 864 1329 arida
875 1268 994 1330 tantiam

207 1361 238 1423 N
240 1381 257 1421 e
271 1372 409 1422 saturare
423 1363 493 1422 timo
507 1364 611 1442 pingui
624 1364 734 1443 pudeat
748 1365 823 1437 sola,
840 1384 916 1424 neve

206 1454 337 1516 Effoetos
352 1457 484 1517 cinerem
502 1459 684 1517 immundum
700 1458 819 1534 jactare
833 1478 888 1537 per
901 1477 1002 1537 agros.

208 1551 260 1610 Sic
275 1571 393 1629 quoque
408 1552 527 1610 mutatis
542 1553 734 1629 requiescunt
749 1552 871 1611 soetibus
884 1569 980 1625 arva3

208 1643 279 1704 Nec
294 1645 376 1703 nulla
391 1645 506 1703 interea
520 1654 565 1704 est
580 1646 704 1704 inaratae
719 1646 817 1724 gratia
829 1654 929 1704 terrm.

248 1738 335 1817 Saepe
350 1739 440 1797 etiam
453 1739 572 1798 steriles
586 1739 746 1798 incendere
761 1739 870 1818 profuit
885 1759 987 1820 agros,

207 1834 309 1911 Atque
323 1834 421 1891 levem
434 1833 574 1911 stipulam
588 1834 802 1911 crepitantibus
816 1853 905 1892 urere
919 1832 1067 1894 flammis·⁸

208 1926 278 1985 Sive
293 1926 361 1986 inde
376 1928 512 1987 occultas
526 1927 605 1985 vires
620 1935 649 1985 et
664 1928 774 2005 pabula
786 1938 876 1986 terrae

206 2021 337 2103 Pinguia
351 2024 521 2102 concipiunt
536 2043 544 2094 ;
568 2023 632 2082 sive
646 2023 704 2081 illis
718 2042 804 2082 omne
820 2043 873 2102 per
887 2022 989 2102 ignem

206 2115 396 2195 Excoquitur
410 2118 522 2189 vitium,
539 2124 629 2193 atque
644 2116 769 2176 exsudat
784 2116 895 2175 inutilis
908 2116 1015 2176 humor
1029 2133 1038 2186 3

144 2202 153 2220 '
208 2212 269 2271 Seu
284 2213 385 2290 plures
399 2212 483 2270 calor
496 2211 545 2269 ille
561 2211 625 2268 ries
639 2219 669 2268 et
684 2230 767 2269 caeca
781 2210 896 2269 relaxat

209 2306 518 2384 Spiramentapnovas
532 2305 632 2363 veniat
648 2305 706 2380 qud
721 2324 830 2363 succus
852 2305 882 2363 in
895 2304 1007 2364 herbas
1024 2324 1033 2376 ;

209 2401 270 2459 Seu
285 2399 371 2457 durat
386 2398 493 2476 magis,
509 2405 539 2455 et
553 2416 647 2455 venas
661 2397 798 2476 astringit
812 2397 931 2457 hiantes
946 2418 954 2469 ;

121 2528 125 2540 ι
207 2494 257 2555 Ne
271 2502 378 2555 tenues
392 2493 511 2572 pluvioe,
528 2493 661 2569 rapidive
676 2493 807 2569 potentia
822 2493 893 2552 solis

207 2590 328 2661 Acrior,
345 2598 396 2648 aut
414 2589 522 2648 Boreae
537 2587 721 2666 penetrabile
736 2588 831 2668 frigus
846 2590 962 2649 adurat.

207 2683 337 2744 Multum
351 2682 439 2754 adad,
456 2682 561 2740 rastris
574 2682 680 2760 glebas
695 2682 746 2759 qui
760 2682 869 2762 frangit
884 2683 1005 2754 inertes,

96 2854 100 2858 ι
207 2776 422 2854 vimineasque
436 2776 527 2834 trahit
541 2783 651 2847 crates,
668 2776 753 2852 juvat
768 2797 864 2847 arva;
887 2796 986 2855 neque
1002 2776 1086 2837 illum

207 2870 305 2931 Flava
319 2870 417 2931 Ceres
434 2871 495 2928 alto
508 2869 710 2947 nequidquam
724 2879 840 2949 spectat
854 2871 982 2950 Olympo
996 2891 1004 2942 ;

185 2977 187 2982 ’
207 2964 249 3024 Et
265 2965 324 3042 qui,
341 2965 492 3043 proscisso
507 2984 573 3042 quae
588 2965 712 3023 suscitat
728 2985 849 3042 aequore
863 2973 961 3044 terga,

207 3059 329 3120 Rursus
346 3059 376 3117 in
390 3059 543 3134 obliquum
556 3078 643 3117 verso
658 3060 819 3137 perrumpit
834 3070 945 3131 aratro,

207 3152 402 3229 Exercetque
417 3152 559 3229 frequens
572 3152 720 3224 tellurem,
738 3164 828 3230 atque
844 3148 1073 3231 imperatoriis.

247 3249 383 3309 Humida
396 3249 523 3308 solstitia
537 3258 627 3326 atque
641 3237 755 3308 hiemes
769 3257 853 3308 orate
867 3268 1004 3323 serenas,
1148 3251 1203 3310 100

207 3343 360 3422 Agricolae
378 3362 385 3413 3
409 3343 534 3401 hiberno
549 3341 701 3400 laetissima
714 3342 836 3419 pulvere
852 3341 942 3413 farra,

207 3435 312 3498 Laetus
327 3456 401 3517 eger
418 3456 426 3507 ;
449 3437 530 3495 nullo
544 3436 659 3495 tantum
679 3454 712 3493 se
726 3434 827 3512 Mysia
842 3436 923 3494 cultu

101 3524 114 3544 ‘
207 3531 321 3608 ductat,
338 3540 367 3590 et
381 3531 446 3610 ipsa
461 3550 533 3590 suas
547 3531 694 3589 mirantur
707 3529 850 3607 Gargara
864 3547 989 3588 messes.

249 3625 330 3700 Quid
344 3627 453 3698 dicam,
464 3627 548 3703 jacto
564 3626 614 3703 qui
628 3625 740 3684 semine
755 3625 919 3684 comminus
934 3643 1009 3684 arva

209 3720 391 3799 Insequitur,
409 3719 602 3797 cumulosque
616 3719 675 3777 ruit
689 3718 766 3777 meld
782 3719 900 3798 pinguis
914 3736 1039 3788 arenae3
1146 3720 1202 3778 105
1257 3786 1264 3792 ,

207 3814 328 3875 Deinde
343 3816 416 3875 satis
429 3814 552 3874 fluvium
566 3811 678 3872 inducit
692 3813 833 3890 rivosque
848 3821 1010 3889 sequentes
1024 3831 1032 3882 ;

207 3908 260 3981 Et,
277 3928 368 3985 quum
381 3919 504 3968 exustus
519 3905 595 3987 ager
607 3906 801 3965 morientibus
816 3917 923 3966 aestuat
941 3905 1053 3981 herbis,

207 4002 294 4063 Ecce
308 4003 469 4081 supercilio
483 4000 588 4060 clivosi
600 4000 726 4059 tramitis
742 4001 851 4058 undam

207 4095 301 4156 Elicit
317 4096 328 4152 l
355 4096 406 4155 illa
419 4096 531 4155 cadens
545 4113 670 4152 raucum
685 4113 738 4172 per
751 4095 830 4152 levia
844 4112 977 4152 murmur

210 4189 291 4251 Saxa
305 4190 374 4265 ciet,
390 4189 598 4268 scatebrisque
613 4188 730 4247 arentia
743 4195 889 4265 temperat
903 4205 986 4247 arva.
1146 4189 1202 4246 110
