2692 5122
477 812 647 860 AENEIDOS
667 812 736 858 LlB.
751 811 803 857 111.

144 949 298 1010 Haerebat.
342 949 404 1019 Qui
417 951 465 1022 sit,
481 951 547 1023 sari,
566 971 624 1028 quo
638 949 782 1029 sanguine
797 955 908 1020 cretus,

142 1043 308 1102 Hortamur
323 1063 332 1113 ;
358 1063 423 1120 quae
439 1043 544 1102 deinde
561 1043 653 1123 agitet
668 1044 796 1111 fortuna,
812 1041 907 1099 fateri.

142 1136 207 1216 lpse
223 1147 311 1216 pater
322 1139 456 1198 dextram
470 1139 632 1208 Anchises,
648 1139 726 1196 haud
740 1139 833 1196 multa
845 1146 986 1207 moratus,
1048 1134 1052 1146 '
1070 1138 1129 1196 610

140 1231 200 1289 Dat
216 1232 332 1308 juveni,
347 1240 437 1309 atque
451 1233 581 1291 animum
596 1231 734 1310 praeseuti
749 1231 870 1309 pignore
885 1230 990 1288 firmat.

142 1322 195 1383 llle
209 1327 288 1397 haec,
304 1325 440 1404 depositi
453 1327 571 1386 tandem
586 1325 751 1397 formidine,
767 1325 867 1382 satur:
984 1328 988 1335 '

179 1420 252 1477 Sum
267 1418 365 1496 patriai
378 1439 415 1477 ex
430 1418 545 1490 Ithacis,
562 1435 662 1478 comes
676 1418 802 1477 infelicis
815 1417 945 1494 Ulyssei‚

140 1512 257 1570 Nomen
271 1513 501 1584 Achemenides‚
518 1512 639 1588 Trojam
656 1512 791 1590 genitore
805 1511 969 1570 Adamasto
1232 1564 1241 1601 q
1288 1566 1296 1612 ι
1327 1560 1338 1595 ,

139 1604 278 1682 Pauperc
294 1604 525 1683 (mansissetque
540 1607 650 1664 utinam
666 1606 783 1663 fortuna
795 1605 825 1683 !)'
833 1604 991 1682 profectus.
1069 1604 1126 1661 615
1151 1584 1164 1607 ’
1186 1579 1207 1701 ‘3

139 1697 201 1756 Hic
216 1716 275 1769 me,
291 1699 360 1756 dum
373 1699 480 1776 trepidi
494 1699 626 1757 crudelia
640 1699 741 1757 limina
755 1699 901 1774 linquunt,

140 1791 329 1851 Immemores
343 1793 416 1850 socii
432 1800 516 1850 vasto
531 1792 674 1870 Cyclopis
689 1792 717 1849 in
733 1801 817 1849 antro

139 1885 324 1945 Deseruere.
366 1885 482 1944 Domus
496 1887 579 1944 sanic
594 1887 777 1964 dapibusque
797 1885 929 1944 cruentis

138 1976 223 2037 latus
236 1998 344 2056 opaca,
360 1979 485 2057 ingens:
509 1979 571 2055 ipse
586 1980 707 2049 arduus,
724 1979 844 2056 altaque
859 1979 957 2056 pulsat

138 2071 254 2143 Sidera,
274 2071 339 2149 (Di,
356 2073 444 2132 talem
457 2074 546 2131 terris
560 2074 684 2132 avertite
700 2080 812 2150 pestem
824 2074 847 2152 1)
1066 2072 1127 2131 620

138 2165 204 2225 Nec
219 2166 285 2224 risu
300 2166 406 2238 facilis,
423 2186 479 2224 nec
493 2167 573 2225 dictu
588 2167 716 2225 affabilis
731 2168 790 2225 ulli.

140 2258 316 2318 Visceribus
329 2259 503 2318 miserorum
517 2268 547 2317 et
561 2261 706 2338 sanguine
721 2261 852 2318 vescitur
866 2268 939 2318 atro.

138 2351 206 2410 Vidi
222 2360 352 2431 egomet,
368 2353 426 2412 duo
441 2351 477 2410 de
492 2372 616 2411 numero
631 2372 720 2429 quum
734 2371 861 2429 corpora
874 2361 975 2410 nostro

137 2443 255 2504 Prensa
268 2464 358 2503 manu
371 2447 490 2523 magud,
508 2445 604 2503 medio
618 2446 776 2521 resupinus
790 2445 819 2503 in
835 2454 930 2515 antro,

137 2537 308 2617 Frangeret
322 2539 358 2597 ad
372 2559 489 2609 saxum,
505 2539 649 2614 sanieque
664 2558 806 2615 exspersa
820 2547 956 2595 natarent
985 2568 988 2573 ·

137 2629 255 2689 Limina
270 2651 278 2701 ;
302 2632 372 2702 vidi,
389 2641 453 2689 atro
469 2652 557 2708 quum
571 2633 703 2688 membra
718 2631 841 2688 fluentia
853 2632 923 2687 tabo

138 2723 354 2803 Manderet,et
368 2726 457 2803 tepidi
472 2734 632 2783 tremerent
647 2727 702 2783 sub
717 2725 853 2783 dentibus
868 2733 960 2782 artus.

10 2798 362 2895 Wand'impunb
378 2818 517 2891 quidem;
540 2837 596 2875 nec
611 2817 683 2875 talia
698 2837 804 2895 passus
818 2814 956 2895 Ulysses,
1020 2808 1027 2815 ’
1070 2878 1074 2889 ,
1118 2804 1157 2819 -.,

136 2910 293 2969 Oblitusve
308 2912 354 2969 sui
369 2921 413 2969 est
428 2911 549 2969 Ithacus
564 2911 732 2968 discrimine
747 2919 837 2969 tanto.

137 3003 215 3061 Nam
230 3004 327 3073 simul,
342 3004 476 3081 expletus
491 3004 615 3081 dapibus
629 3005 757 3080 vinoque
773 3005 917 3081 sepultus,

137 3095 298 3155 Cervicem
315 3096 452 3155 inflexam
467 3098 574 3174 posuit,
584 3097 740 3174 jacuitque
755 3117 807 3175 per
821 3106 939 3156 antrum

137 3187 315 3260 Immensus,
331 3191 444 3248 saniem
459 3199 600 3249 eructans
615 3211 649 3249 ac
666 3193 760 3248 frusta
773 3199 897 3249 cruento

136 3281 197 3341 Per
210 3302 346 3342 somnum
361 3285 518 3341 commixta
532 3303 614 3341 mero
629 3303 636 3352 ;
660 3304 724 3354 nos,
741 3303 849 3360 magna
863 3283 977 3360 precati

136 3375 280 3458 Numina,
297 3376 451 3452 sortitique
466 3377 559 3446 vices,
576 3374 636 3434 und
650 3376 779 3452 undiquc
794 3375 907 3432 circirm

135 3467 312 3540 Fundimur,
329 3477 357 3526 et
371 3470 431 3526 telo
447 3470 547 3526 lumen
560 3470 747 3526 terebramus
761 3475 850 3524 acuto

136 3561 260 3640 Ingens,
279 3563 356 3639 quod
369 3560 456 3620 torvis
470 3562 565 3619 solum
580 3562 634 3618 sub
649 3561 744 3618 fronte
763 3561 885 3631 latebat,

136 3653 276 3732 Argolici
289 3656 386 3732 clypei
401 3663 452 3712 aut
467 3655 609 3712 Phoebeae
623 3652 767 3731 lampadis
781 3653 894 3710 instar:

134 3747 177 3806 Et
191 3748 311 3805 tandem
324 3749 384 3806 laeti
399 3748 548 3806 sociorum
562 3746 733 3805 ulciscimur
746 3748 875 3806 umbras.

136 3840 198 3898 Sed
213 3840 316 3919 fugite,
332 3861 350 3898 o
364 3841 474 3913 miseri,
491 3841 595 3919 fugite,
612 3850 701 3918 atque
716 3841 753 3898 ab
766 3840 863 3898 littore
878 3840 979 3901 sunem

135 3932 288 4010 Rumpite.

134 4025 226 4096 Nam,
244 4027 339 4102 qualis
354 4036 540 4105 quantusque
555 4048 630 4086 cavo
643 4027 845 4104 Polyphemus
859 4028 887 4086 in
904 4037 990 4087 antro

134 4116 306 4195 Lanigeras
320 4120 430 4178 claudit
445 4121 586 4198 pecudes,
603 4130 693 4198 atque
708 4123 801 4179 ubera
816 4131 942 4199 pressat,

136 4209 268 4270 Centum
283 4212 332 4270 alii
346 4233 437 4271 curva
453 4214 517 4272 haec
532 4214 666 4272 habitant
681 4215 717 4272 ad
732 4215 832 4273 littora
845 4215 935 4294 vulgb

135 4301 256 4363 Infandi
270 4304 431 4384 Cyclopes,
448 4314 477 4365 et
493 4307 560 4364 altis
575 4307 722 4366 montibus
737 4315 846 4367 errant.

133 4396 242 4456 Tertia
259 4398 322 4474 jam
335 4398 413 4458 lunas
427 4420 461 4458 se
476 4420 589 4458 cornua
602 4400 711 4458 lumine
726 4402 883 4479 complent,
1065 4402 1124 4463 646

134 4490 239 4558 Qraum
253 4493 343 4550 vitam
358 4493 386 4550 in
402 4493 494 4565 silvis,
510 4494 587 4552 inter
601 4495 720 4552 deserta
734 4495 865 4553 serarum

132 4583 249 4645 Lustra
264 4584 436 4663 domosque,
453 4589 548 4660 traho,
564 4596 726 4664 vastosque
741 4590 778 4646 ab
792 4608 865 4666 rupe
880 4587 1032 4666 Cyclopas

416 4682 451 4737 13
831 4699 845 4738 s
