2692 5122
216 381 272 438 170
505 374 531 420 P.
552 372 719 421 vlaorarr
738 374 909 423 MARONIS

211 515 346 573 Turbam
360 514 437 573 inter
451 513 660 589 fremitumque
673 512 777 590 Gyas:
794 533 882 590 quem
896 513 1003 572 deindo
1017 511 1189 574 Cloanthus

212 609 426 686 Consequitur,
442 609 547 667 melior
561 607 652 666 remis
665 626 673 676 ;
697 608 750 665 sed
765 608 894 684 pondere
910 608 996 685 pinus

211 704 314 762 Tarda
327 712 419 762 tenet.
461 702 533 761 Post
553 703 608 760 hos
622 720 709 777 aequo
724 700 892 760 discrimine
906 701 1014 760 Pristis

212 794 445 873 Centaurusque
460 797 558 854 locum
571 796 696 854 tendunt
710 814 854 872 superare
869 796 1006 872 priorem
1145 795 1203 853 156

210 890 252 949 Et
265 910 345 948 nunc
360 888 468 948 Pristis
482 890 572 947 habet
589 908 597 959 ;
620 907 700 947 nunc
715 889 824 946 victam
839 889 970 965 praeterit
983 889 1090 966 ingens

211 982 384 1043 Centaurus
400 1003 409 1052 ;
432 1002 512 1042 nunc
527 981 587 1041 unt
606 984 701 1040 ambae
718 982 890 1057 junctisque
910 982 1044 1040 seruntur

210 1076 383 1148 Frontibus,
400 1083 429 1134 et
443 1075 535 1154 longai
549 1076 666 1135 sulcant
681 1075 759 1133 vada
773 1076 854 1133 salsa
868 1072 981 1134 carini.

209 1169 340 1246 Jamque
355 1170 592 1247 propinquabant
606 1171 740 1246 scopulo,
757 1179 926 1245 metamque
939 1169 1092 1242 tenebant,

211 1261 313 1331 Quum
332 1264 472 1341 princeps
486 1263 643 1339 medioque
657 1264 744 1340 Gyas
758 1263 787 1320 in
802 1263 921 1339 gurgite
936 1263 1031 1321 victor
1145 1263 1202 1320 160

210 1355 374 1414 Rectorem
392 1357 477 1413 navis
491 1356 649 1433 compellat
662 1375 737 1413 voce
751 1353 906 1413 Menoeten
920 1374 927 1412 z

211 1447 281 1515 Qud
296 1457 411 1507 tantum
425 1449 496 1507 mihi
509 1449 614 1507 dexter
628 1449 693 1506 abis
710 1447 721 1504 l
744 1449 801 1506 huc
816 1448 911 1526 dirige
925 1467 1064 1526 gressum
1079 1468 1088 1518 ;

210 1540 310 1603 Littus
324 1563 402 1615 ama,
418 1552 447 1600 et
470 1543 563 1600 laevas
577 1543 714 1620 stringat,
730 1542 805 1612 sine,
823 1542 953 1619 palmula
966 1549 1094 1601 centes:

210 1637 313 1695 Altum
327 1638 377 1695 alii
396 1644 526 1695 teneant.
566 1637 651 1694 Dixit
666 1655 674 1705 ;
699 1636 751 1694 sed
766 1654 850 1694 caeca
863 1636 1014 1695 Menoetes

211 1728 292 1789 Saxa
305 1731 411 1789 timens
426 1750 544 1807 proram
558 1730 658 1808 pelagi
672 1731 828 1806 detorquet
843 1729 880 1786 ad
896 1730 999 1790 undas.
1146 1730 1201 1789 166

211 1823 282 1890 Quo
297 1825 433 1882 diversus
447 1825 512 1882 abis
527 1824 537 1879 l
559 1824 677 1894 iterum,
694 1822 769 1881 Pete
784 1842 866 1895 saxa,
883 1824 1028 1896 Menoete,

193 1911 292 1976 'Cum
306 1919 436 1975 clamore
451 1917 537 1994 Gyas
551 1919 722 1977 revocabat.
765 1918 805 1975 Et
821 1937 895 1976 ecce
909 1918 1090 1978 Cloanthum

210 2009 347 2087 Respicit
368 2011 526 2069 instantem
540 2020 637 2089 tergo,
654 2020 684 2068 et
698 2011 837 2089 propiora
850 2020 1010 2071 tenentem.

211 2101 266 2161 llle
287 2104 365 2162 inter
377 2123 545 2182 navemque
557 2106 635 2181 Gyae
650 2106 849 2182 scopulosque
864 2114 1004 2164 sonantes

209 2195 301 2254 Radit
320 2198 377 2256 iter
390 2199 497 2256 laevum
511 2180 644 2271 interior,
661 2198 820 2275 subitdque
835 2200 962 2276 priorem
1146 2202 1200 2259 rto

209 2288 357 2361 Praeterit,
372 2300 401 2348 et
415 2292 502 2349 metis
516 2301 596 2350 tenet
612 2311 735 2368 aequora
748 2302 812 2350 tuta
826 2293 947 2352 relictis.
964 2334 991 2370 Δ,
1008 2342 1012 2347 .

209 2381 289 2441 Tum
304 2384 374 2443 verd
390 2386 500 2442 exarsit
517 2386 622 2460 juveni
639 2387 725 2444 dolor
737 2387 855 2444 ossibus
870 2387 975 2464 ingens
992 2405 1000 2456 ;

210 2476 239 2535 N
242 2496 277 2534 ec
293 2478 433 2553 lacrymis
452 2477 580 2537 caruere
594 2499 681 2556 genas
699 2499 706 2548 ;
730 2498 914 2557 segnemque
928 2478 1093 2550 Menoeten,

209 2568 328 2628 Oblitus
342 2571 520 2646 decorisque
535 2573 581 2629 sui
596 2570 771 2649 socirimque
786 2573 901 2644 salutis,

211 2660 246 2723 ln
267 2685 348 2723 mare
363 2668 546 2744 praecipitem
561 2669 650 2746 puppi
665 2669 802 2727 deturhat
817 2670 855 2726 ab
870 2667 941 2728 altri.
1145 2669 1201 2727 1⁷⁶

209 2760 279 2838 lpse
293 2763 477 2839 gubernaclo
497 2772 598 2822 rector
611 2765 700 2835 subit,
718 2765 781 2842 ipse
796 2766 960 2842 magister3

209 2853 418 2933 Hortaturque
433 2858 524 2929 uiros,
540 2859 719 2934 clavumque
734 2860 771 2916 ad
786 2859 885 2916 littora
898 2865 1027 2934 torquet.

208 2950 249 3007 At
263 2951 375 3027 gravis,
391 2960 421 3009 ut
437 2952 527 3010 fundo
543 2953 590 3011 vix
604 2952 722 3009 tandem
737 2952 869 3010 redditus
884 2953 942 3009 imo
956 2959 1012 3023 est,

208 3043 278 3103 dam
292 3045 403 3116 senior,
420 3046 598 3124 madidique
614 3048 708 3104 fluens
723 3047 753 3104 in
768 3056 861 3118 veste,
878 3047 1039 3119 Menoetes,

209 3138 331 3196 Summa
345 3141 417 3216 petit
431 3142 557 3218 scopuli,
574 3142 716 3218 siccique
731 3142 759 3199 in
775 3161 848 3217 rupe
861 3140 981 3199 resedit.
1145 3142 1201 3200 tao

209 3229 296 3290 lllum
310 3243 339 3290 et
354 3235 502 3291 labentem
515 3235 629 3292 Teucri
644 3245 672 3293 et
687 3234 781 3295 risere
796 3242 947 3293 natantem
963 3253 971 3304 3

208 3324 248 3383 Et
266 3326 362 3383 salsos
378 3327 474 3384 rident
488 3337 689 3384 revomentem
704 3339 825 3405 pectore
840 3329 958 3386 fluctus.

209 3416 272 3476 Hic
287 3419 357 3476 laeta
371 3419 511 3476 extremis
525 3437 594 3494 spes
609 3430 654 3477 est
669 3439 799 3478 accensa
812 3421 938 3493 duobus,

210 3512 351 3589 Sergesto
365 3511 586 3587 Mnestheique,
603 3512 693 3590 Gyan
708 3534 851 3592 superare
866 3523 1039 3575 morantem.

210 3607 369 3682 Sergestus
383 3605 462 3682 capit
477 3606 545 3663 ante
561 3608 670 3680 locum,
687 3608 870 3685 scopuloque
885 3609 1063 3687 propinquat
1078 3625 1086 3666 τ
1144 3607 1201 3665 185

209 3696 237 3755 N
241 3716 276 3754 ec
290 3696 354 3755 toti
367 3706 466 3755 tamen
480 3699 529 3757 ille
545 3701 626 3777 prior
640 3710 792 3778 praeeunte
807 3699 912 3758 carini
927 3719 935 3771 ;

208 3789 299 3847 Parte
315 3793 403 3867 prior,
421 3805 536 3869 partem
550 3804 646 3853 rostro
661 3795 766 3872 premit
781 3795 888 3853 ramula
901 3792 1018 3853 Pristis.

208 3884 249 3941 At
263 3883 361 3942 medii
375 3887 473 3944 socios
488 3887 629 3947 incedens
644 3908 720 3948 nave
736 3908 789 3965 per
802 3889 882 3966 ipsos

207 3974 358 4035 Hortatur
372 3978 573 4039 Mnestheus:
596 3984 625 4042 N
628 4002 697 4054 unc,
714 4001 803 4052 nunc,
820 3982 966 4060 insurgite
981 3979 1081 4054 remis,
1102 4020 1106 4024 ·

208 4069 355 4130 Hectorei
373 4076 457 4147 socii,
473 4078 573 4155 Trojae
590 4099 664 4157 quos
679 4087 759 4137 sorte
774 4076 915 4155 supremis
1146 4077 1203 4136 190

208 4164 319 4243 Delegi
331 4169 455 4228 comites
468 4190 476 4242 ;
501 4192 581 4233 nunc
595 4174 662 4232 illas
677 4171 800 4252 promite
815 4171 905 4244 vires,
929 4186 946 4259 p
975 4180 984 4193 '
