2692 5122
489 743 712 793 onono1cou
735 744 805 792 nra.
820 743 840 791 1.
1125 749 1165 807 ω
1193 741 1197 749 ·

173 887 282 965 Teque
296 885 355 945 sibi
367 903 513 965 generum
523 883 640 962 Tethys
654 892 734 943 emat
746 881 882 942 omnibus
896 880 983 942 undis
998 900 1005 941 τ

175 982 263 1042 Anne
276 998 387 1039 novum
398 976 492 1037 tardis
505 977 588 1036 sidus
600 986 630 1036 te
644 978 795 1036 mensibus
809 976 913 1047 addas,

177 1073 250 1143 Qut
262 1075 347 1133 locus
359 1071 516 1151 Erigonen
529 1071 606 1131 inter
621 1071 794 1147 Chelasque
808 1077 971 1147 sequentes

176 1167 322 1229 Panditur
335 1186 344 1238 ;
367 1165 431 1245 ipse
444 1165 500 1224 tibi
511 1165 576 1242 jam
588 1165 713 1224 brachia
727 1163 875 1223 contrahit
888 1161 998 1221 erdem

176 1261 330 1338 Scorpius,
347 1267 377 1319 et
391 1259 461 1318 coeli
476 1256 561 1335 juste
573 1259 639 1337 plus
653 1265 737 1336 parte
751 1256 892 1333 relinquit
907 1274 914 1313 :

178 1353 331 1430 Quidquid
345 1352 417 1423 eris,
434 1351 518 1430 (nam
530 1360 560 1410 te
573 1370 631 1410 nee
645 1358 766 1429 sperent
778 1350 909 1408 Tartara
920 1364 1034 1427 regem,

178 1448 245 1507 Nee
258 1447 312 1505 tibi
323 1445 471 1524 regnandi
484 1445 584 1505 veniat
598 1453 660 1503 tam
672 1444 738 1502 dira
752 1443 860 1520 cupido
876 1462 885 1513 3

179 1539 324 1608 Quamvis
337 1539 459 1616 Elysios
472 1539 596 1598 miretur
608 1537 731 1597 Graecia
745 1555 877 1615 campos,

179 1633 247 1692 Nee
259 1632 387 1710 repetita
400 1633 487 1710 sequi
500 1640 585 1691 curet
597 1630 781 1707 Proserpina
793 1627 944 1706 matrem),

178 1724 230 1784 Da
243 1725 360 1783 facilem
375 1744 505 1797 cursum,
522 1732 612 1801 atque
627 1723 792 1782 audacibus
806 1741 905 1781 annue
919 1719 1025 1800 ooeptis
1039 1738 1050 1792 ;

180 1817 367 1895 Ignarosque
380 1818 436 1876 rim
450 1836 568 1876 meeum
579 1816 736 1876 miseratus
750 1823 896 1894 agrestes,

181 1909 354 1989 ingredere,
371 1919 400 1969 et
414 1911 490 1969 votis
506 1911 570 1987 jam
582 1929 662 1969 nune
676 1927 818 1968 assuesce
833 1906 945 1967 vocari.

217 2007 300 2066 Vere
315 2028 403 2080 novo,
420 2008 538 2087 gelidus
550 2009 634 2067 canis
649 2026 739 2084 quum
752 2007 899 2065 montibus
912 2006 1018 2066 humor

177 2099 328 2180 Liquitur,
344 2110 374 2160 et
395 2102 534 2180 Zephyro
548 2102 642 2180 putris
656 2121 689 2161 se
703 2102 792 2179 gleba
805 2099 938 2172 resolvit,

180 2193 333 2273 Depreaso
346 2195 467 2272 incipiet
483 2195 622 2271 jamtum
635 2194 706 2252 mihi
719 2202 824 2252 taurus
838 2200 939 2252 aratro

182 2287 350 2368 ingemere,
365 2295 395 2346 et
413 2287 497 2347 sulco
511 2288 628 2349 attritus
642 2286 853 2366 splendescere
866 2302 977 2345 vomer.

182 2379 238 2441 Illa
251 2400 340 2460 seges
353 2381 472 2439 demum
484 2380 560 2439 votis
573 2380 732 2458 respondet
746 2379 829 2437 avari

183 2474 342 2552 Agricolae,
358 2473 403 2532 bis
419 2493 485 2550 quae
499 2474 603 2544 solem,
619 2473 666 2530 bis
680 2473 793 2550 frigora
806 2470 899 2529 sensit
912 2489 921 2540 ;

184 2565 265 2625 Illius
279 2567 429 2625 immensae
444 2575 587 2643 ruperunt
604 2566 713 2624 horrea
725 2583 847 2623 messes.

221 2662 261 2719 At
279 2660 360 2738 priris
374 2660 508 2738 ignotum
521 2659 600 2718 serro
615 2659 705 2736 qudm
717 2658 878 2718 scindimus
892 2676 1004 2736 aequor,

182 2752 296 2812 Ventos
309 2760 339 2811 et
353 2753 468 2812 varium
481 2752 551 2811 coeli
570 2752 750 2830 praediscere
763 2769 876 2809 morem

185 2846 266 2907 Cura
280 2846 329 2918 sit,
345 2866 382 2905 ac
396 2846 506 2923 patrios
521 2846 677 2922 cultusque
691 2845 868 2923 habitusque
882 2843 1026 2918 locorum,
1039 2870 1040 2873 ¹
1062 2851 1065 2857 '
1094 2916 1102 2932 .

184 2939 222 2998 Et
237 2939 306 3016 quid
321 2958 446 3015 quaeque
460 2938 536 2997 ferat
550 2938 645 3017 regio,
661 2947 691 2997 et
706 2938 774 3014 quid
790 2957 916 3015 quaeque
929 2945 1059 2998 recuset.

184 3032 246 3091 Hic
259 3041 390 3110 segetes,
406 3032 466 3090 illic
480 3031 601 3090 veniunt
615 3029 731 3089 selioiits
744 3050 809 3088 uvae
825 3049 834 3101 ς

184 3125 310 3184 Arborei
322 3126 412 3184 foetus
425 3124 505 3197 alibi,
522 3132 611 3201 atque
626 3124 739 3199 injussa
751 3123 901 3182 virescunt

183 3217 336 3278 Gramine.
376 3217 484 3276 Nonne
499 3216 592 3288 vides,
606 3236 730 3275 croceos
744 3225 775 3276 ut
788 3216 912 3275 Tmolus
926 3215 1043 3288 odores,

184 3309 269 3370 ludia
281 3311 367 3369 mittit
380 3311 465 3382 ebur,
480 3311 585 3368 molles
599 3329 654 3368 sua
666 3310 755 3367 thura
769 3309 868 3368 Sabaei
880 3328 888 3379 3

183 3406 223 3463 At
237 3404 391 3481 Chalybes
404 3402 476 3462 nudi
489 3403 610 3474 ferrum,
626 3403 784 3477 virosaque
797 3400 912 3459 Pontus

185 3496 342 3567 Castorea,
355 3496 496 3555 Eliadum
510 3496 624 3572 palmas
638 3494 750 3571 Epirus
764 3512 908 3569 equarum
923 3492 935 3549 ἓ

185 3589 334 3650 Continui>
348 3589 402 3648 has
416 3589 500 3667 leges
515 3596 686 3663 aeternaque
703 3585 816 3645 soedera
830 3586 921 3645 certis

184 3684 326 3763 Imposuit
339 3693 446 3744 natura
460 3684 544 3756 locis,
562 3704 619 3760 quo
633 3693 764 3762 tempore
779 3683 904 3762 primum

184 3778 353 3837 Deucalion
366 3797 494 3836 vacuum
506 3777 620 3855 lapides
636 3776 762 3853 jactavit
776 3777 805 3835 in
819 3779 922 3836 orbem
938 3797 947 3848 ;

185 3870 270 3929 Unde
288 3871 421 3929 homines
433 3870 506 3942 nati,
522 3870 628 3928 durum
641 3890 747 3949 genus.
788 3869 873 3949 Ergo
887 3889 956 3949 age,
971 3877 1060 3931 terrm

185 3963 300 4043 Pingue
314 3964 410 4022 solum
422 3963 522 4042 primis
536 3963 682 4040 extemplo
697 3982 716 4020 a
729 3962 880 4021 mensibus
895 3963 965 4022 anni

185 4056 292 4115 Fortes
310 4057 457 4115 invertant
471 4055 560 4126 tauri,
573 4056 739 4134 glebasque
756 4056 892 4132 jacentes

185 4147 399 4208 Pulverulenta
413 4157 521 4226 eoquat
536 4148 659 4207 maturis
672 4148 784 4207 solibus
799 4157 897 4210 aestns.

185 4244 236 4315 At,
251 4243 278 4301 si
291 4262 351 4301 non
364 4241 451 4300 fuerit
464 4241 553 4301 tellus
567 4241 716 4314 fmcunda,
733 4243 788 4300 sub
802 4241 898 4321 ipsum

187 4336 348 4394 Arcturum
360 4334 443 4393 tenui
457 4342 503 4393 sat
517 4333 573 4392 erit
586 4333 769 4413 suspendere
783 4336 867 4394 sulco
883 4354 890 4393 :

188 4427 263 4501 Illic,
279 4428 411 4487 officiant
425 4427 500 4486 laetis
514 4447 552 4487 ne
566 4426 701 4507 frugibus
714 4429 815 4487 herber
832 4449 840 4500 ;

188 4519 262 4595 Hic,
277 4521 410 4581 sterilem
423 4522 548 4602 exiguus
562 4540 600 4581 ne
613 4520 732 4582 deserat
747 4523 852 4582 humor
865 4540 1001 4582 arenam.
