2692 5122
182 412 243 471 340
473 403 501 450 P.
521 403 689 451 virtutum
711 403 887 454 MAROIssS

183 546 251 606 Nec
265 545 394 625 spatium
407 543 502 602 evasit
516 552 621 615 totum,
639 563 696 603 nec
711 544 831 622 pertulit
845 544 945 602 ictum.

183 643 230 699 Ac
245 640 325 698 velut
340 640 370 697 iu
384 638 506 708 somnis,
523 638 627 696 oculos
641 638 693 695 ubi
706 638 851 716 languida
864 635 972 715 pressit

184 735 281 793 Nocte
299 733 394 810 quies,
410 731 612 809 nequidquam
627 731 730 790 avidos
744 732 906 791 extendere
919 749 1026 790 cursus

184 827 271 886 Velle
285 826 429 898 videmur,
445 834 474 883 et
489 825 518 884 in
533 825 637 884 mediis
651 826 808 884 conatibus
822 825 896 904 egri

183 920 371 980 Succidimus
387 939 395 990 ;
420 939 479 978 nou
495 920 599 999 lingua
613 919 703 991 valet,
720 939 779 978 non
794 937 921 998 corpore
938 925 1018 978 uotae

183 1017 340 1076 Sufficiunt
355 1017 433 1075 vires
450 1035 457 1085 ;
481 1035 538 1074 nec
553 1035 611 1074 vox
625 1024 675 1074 aut
689 1017 783 1074 verba
797 1022 966 1092 sequuntur
981 1033 989 1073 t

183 1111 233 1170 Sic
247 1111 363 1183 Turno,
380 1109 570 1188 qudcumque
586 1109 664 1168 viam
680 1110 787 1168 virtute
803 1110 915 1187 petivit,

183 1205 364 1263 Successum
376 1204 434 1262 dea
448 1203 514 1262 dira
525 1213 626 1283 negat.
668 1203 748 1262 Tum
762 1213 884 1282 pectore
898 1222 1006 1263 sensus

183 1297 349 1357 Vertuntur
363 1297 447 1358 varii.
491 1297 622 1357 Rutulos
637 1298 804 1375 adspectat,
821 1306 851 1356 et
865 1299 982 1371 urbem,

183 1390 412 1468 cunctaturque
426 1403 518 1463 metu,
534 1392 685 1469 telumque
700 1392 812 1450 instare
826 1392 972 1450 tremiscit
985 1410 994 1462 ;

182 1487 249 1546 Nec
265 1486 323 1563 qud
338 1505 372 1544 se
386 1486 503 1563 eripiat,
520 1505 577 1544 nec
593 1484 653 1563 qud
667 1487 696 1544 vi
710 1485 813 1543 tendat
831 1485 861 1543 in
876 1485 1002 1558 hostem,

181 1579 248 1639 Nec
263 1599 370 1638 currus
384 1599 511 1656 usquam
525 1580 614 1650 videt,
631 1580 804 1658 aurigamve
818 1598 961 1638 sororem.

221 1673 386 1734 Cunctanti
398 1673 492 1731 telum
505 1673 624 1731 AEueas
640 1673 732 1731 fatale
746 1681 898 1744 coruscat,

183 1768 311 1827 Sortitus
326 1767 475 1824 fortunam
488 1766 596 1836 oculis,
613 1776 643 1825 et
658 1786 784 1844 corpore
799 1775 861 1830 toto

181 1861 307 1920 Eminus
322 1861 481 1938 intorquet.
523 1860 636 1919 Murali
651 1862 769 1919 concita
783 1880 936 1940 nunquam

180 1955 345 2014 Tormento
359 1955 404 2013 sic
418 1973 492 2013 saxa
507 1953 646 2028 fremunt,
663 1973 720 2015 uec
735 1955 856 2015 fulmine
870 1956 944 2016 tanti

180 2051 350 2110 Dissultant
365 2050 506 2130 crepitus.
549 2050 640 2110 Volat
655 2052 712 2110 atri
725 2052 853 2110 turbinis
867 2052 962 2111 instar

180 2146 313 2205 Exitium
326 2145 423 2206 dirum
437 2148 524 2206 hasta
538 2147 638 2205 ferens
653 2167 661 2218 ;
684 2167 815 2225 orasque
829 2146 957 2207 recludit

134 2298 139 2304 .
179 2238 310 2313 Loricae,
328 2249 357 2300 et
373 2240 470 2319 clypei
484 2249 635 2300 extremos
648 2241 848 2318 septemplicis
862 2244 951 2301 orbes
965 2261 973 2312 ;

179 2334 241 2394 Per
255 2335 384 2393 medium
398 2334 527 2393 stridens
541 2334 647 2394 transit
662 2334 766 2394 femur.
810 2335 917 2394 Incidit
931 2337 1010 2396 ictus

181 2428 293 2508 Ingens
308 2427 344 2486 ad
359 2436 472 2486 terram
484 2427 636 2505 duplicato
650 2429 759 2505 poplite
773 2428 906 2489 Turnus.

181 2521 376 2599 Consurgunt
390 2521 502 2599 gemitu
517 2521 634 2593 Rutuli,
649 2530 789 2599 totusque
805 2523 933 2602 remugit

181 2614 274 2675 Mons
288 2614 412 2686 circum,
429 2623 458 2673 et
473 2634 578 2674 vocem
592 2615 651 2673 late
667 2635 790 2674 nemora
804 2617 865 2675 alta
879 2618 1041 2678 remittunt.

180 2708 246 2781 Ille,
263 2708 381 2767 humilis
395 2709 590 2786 supplexque,
604 2710 708 2768 oculos
719 2709 913 2787 dextramque
928 2721 1103 2789 precantem
1115 2714 1175 2773 930

179 2801 367 2861 Protendens
381 2821 387 2859 :
418 2802 567 2879 Equidem
581 2803 687 2874 merui,
703 2822 761 2861 nec
775 2804 932 2881 deprecor,
947 2805 1063 2885 inquit:

180 2895 271 2955 Utere
286 2904 367 2954 sorte
381 2894 443 2956 tud.
487 2895 597 2955 Miseri
611 2905 641 2955 te
655 2897 680 2955 si
696 2917 755 2974 qua
770 2899 902 2975 parentis

178 2991 321 3070 Tangere
335 3010 409 3049 cura
423 2999 529 3068 potest,
544 3012 597 3050 oro
613 2992 680 3069 (suit
695 3000 724 3050 et
739 2993 792 3051 tibi
806 2994 876 3052 talis

179 3086 327 3143 Anchises
340 3085 486 3164 genitor,)
500 3086 603 3143 Dauni
618 3086 760 3145 miserere
775 3095 906 3147 senectae
923 3108 931 3159 ;

179 3177 219 3236 Et
232 3198 290 3250 me,
307 3199 361 3237 seu
376 3198 486 3255 corpus
500 3179 658 3257 spoliatum
673 3180 782 3239 lumine
797 3181 902 3254 mavis,
1116 3185 1173 3245 9³6

178 3270 286 3329 Rcddc
301 3272 385 3331 meis.
428 3272 547 3343 Vicisti,
564 3281 593 3331 et
609 3273 719 3332 victum
732 3274 857 3333 tendere
872 3275 987 3353 palmas

178 3364 304 3422 Ausonii
319 3363 420 3425 videre
434 3384 441 3422 :
464 3373 516 3424 tua
530 3375 575 3423 est
589 3365 719 3426 Lavinia
732 3368 851 3443 conjux.

179 3457 310 3518 Ulteriirs
325 3479 361 3517 ne
376 3460 466 3518 tende
480 3459 564 3520 odiis.
608 3462 695 3519 Stetit
709 3480 781 3520 acer
795 3463 825 3520 in
844 3464 934 3522 armis

178 3553 308 3623 AEneas,
326 3554 448 3612 volvens
462 3555 576 3626 oculos,
594 3556 787 3633 dextramque
805 3559 957 3635 repressit.

177 3647 217 3705 Et
234 3647 297 3723 jam
314 3647 437 3724 jamque
451 3648 548 3727 magis
562 3658 753 3708 cunctantem
768 3651 890 3710 flectere
904 3671 1003 3712 sermo
1114 3654 1172 3713 eto

178 3740 334 3818 Coeperat,
351 3741 453 3800 inselix
467 3743 590 3800 humero
606 3763 695 3820 quum
711 3745 847 3821 apparuit
862 3745 923 3804 alto

177 3833 311 3904 Balteus,
328 3843 357 3892 et
371 3837 448 3894 notis
462 3836 609 3895 fulserunt
623 3838 745 3917 cingula
767 3838 856 3898 bullis

176 3925 322 3985 Pallantis
337 3930 442 4006 pueri;
466 3931 577 3988 victum
592 3951 680 4006 quern
695 3933 818 3991 vulnere
832 3933 957 3994 Turnus

177 4021 340 4092 Straverut,
359 4031 449 4100 atque
464 4024 596 4082 humeris
610 4025 760 4084 inimicum
775 4027 890 4106 insigne
904 4029 1042 4107 gerebat.

176 4113 242 4185 Ille,
259 4116 355 4174 oculis
369 4125 525 4194 postquam
539 4116 612 4175 saevi
624 4129 815 4179 monumenta
829 4120 939 4181 doloris
1114 4126 1169 4185 945

175 4208 369 4286 Exuviasque
383 4210 494 4284 hausit,
511 4209 597 4270 furiis
610 4228 769 4286 accensus,
786 4221 816 4272 et
830 4213 877 4275 ira
