2692 5122
510 782 684 831 AENEIDOS
704 781 775 864 ΙιῙΙξ.
789 784 837 832 ΧΙ.
887 782 891 791 ’

175 921 257 984 Dum
270 921 359 993 subit,
377 939 411 980 ac
426 920 559 979 dextram
572 920 684 978 labenti
697 922 790 981 tendit
809 923 961 995 inermem,

174 1015 351 1094 Praecipites
364 1014 533 1092 pariterque
547 1022 645 1071 ruunt.
685 1014 746 1073 His
759 1016 839 1075 addit
853 1016 1027 1075 Amastrum

175 1109 368 1188 Hippotaden
385 1128 392 1178 ;
416 1108 610 1184 sequiturque
625 1107 798 1167 incumbens
812 1111 926 1168 eminus
944 1107 1034 1168 hastd

175 1202 348 1280 Tereaque,
359 1201 636 1279 Harpalycumque,
646 1209 675 1260 et
682 1202 920 1279 Demophoonta,
932 1202 1158 1279 Chromimque:

177 1296 319 1375 Quotqne
334 1297 444 1355 emissa
456 1315 546 1355 manu
560 1296 702 1354 contorsit
716 1297 831 1373 spicula
844 1297 940 1376 virgo,
1102 1300 1160 1356 676

176 1390 235 1450 Tot
248 1391 373 1470 Phrygii
387 1388 525 1450 cecidere
540 1389 604 1448 viri.
646 1388 756 1448 Procul
770 1391 903 1468 Ornytus
917 1391 1007 1451 armis

178 1482 291 1563 ignotis
305 1491 335 1541 et
349 1504 426 1560 equo
441 1492 565 1542 venator
578 1482 691 1561 iapyge
707 1483 800 1542 sertur
814 1503 821 1540 :

180 1576 238 1638 cui
252 1578 337 1656 pellis
350 1577 427 1636 latos
440 1579 580 1636 humeros
594 1586 698 1654 erepta
707 1577 838 1652 juvenco

178 1669 343 1750 Pugnatori
356 1670 450 1748 operit
467 1689 474 1739 ;
498 1678 587 1747 caput
602 1670 708 1748 ingens
722 1670 782 1728 oris
795 1670 894 1729 hiatus
1104 1671 1163 1729 680

178 1763 219 1823 Et
232 1764 318 1822 malm
333 1760 436 1822 tenere
451 1763 511 1840 lupi
526 1783 593 1821 cunr
608 1764 744 1821 dentibus
758 1764 844 1835 albis,

178 1858 374 1936 Agrestisque
390 1876 495 1915 manus
510 1865 604 1916 armat
618 1876 744 1934 sparus:
768 1857 975 1935 ipseeatervis

178 1949 313 2009 Vertitur
326 1951 355 2010 in
370 1951 483 2021 mediis,
500 1960 530 2008 et
544 1959 604 2009 toto
619 1952 730 2009 vertice
744 1950 834 2029 suprd
848 1959 903 2010 est.

178 2043 271 2103 Hunc
285 2045 337 2103 illa
351 2053 516 2122 exceptum,
531 2064 629 2120 neque
644 2045 721 2102 enim
736 2045 820 2103 labor
834 2044 952 2122 agmine
966 2062 1065 2116 verso,

178 2136 314 2215 Trujicit,
331 2145 360 2196 ct
372 2157 461 2215 super
475 2139 539 2196 haec
553 2139 671 2196 inimico
685 2147 806 2216 pectore
821 2138 899 2197 satur
911 2157 918 2195 :
1103 2138 1161 2197 685

180 2231 267 2291 Silvis
280 2241 320 2303 te,
335 2232 503 2309 Tyrrhene,
519 2231 598 2290 seras
613 2232 728 2310 agitare
743 2231 852 2310 putdsti
867 2232 877 2288 i

179 2324 307 2383 Advenit
322 2325 371 2402 qui
386 2334 486 2383 vestra
499 2326 562 2383 dies
576 2327 768 2384 muliebribus
784 2327 875 2385 armis

180 2415 283 2477 Verba
297 2419 492 2501 redarguerit.
535 2418 562 2476 N
566 2438 651 2477 omen
665 2428 764 2477 tamen
777 2419 857 2477 haud
871 2418 936 2476 leve
950 2426 1067 2496 patrum

181 2507 324 2569 Manibus
338 2512 394 2569 hoc
409 2511 533 2583 reseres,
549 2513 608 2569 telo
621 2512 767 2570 cecidisse
783 2512 928 2571 Camillae.

179 2603 326 2666 Protenus
340 2606 529 2664 Orsilochum
544 2615 572 2664 et
588 2607 696 2678 Buten,
712 2607 769 2664 duo
785 2602 912 2663 maxima
925 2602 1078 2665 Teucriam
1104 2607 1164 2665 690

181 2697 336 2777 Corpora:
359 2699 412 2756 sed
426 2699 523 2757 Buten
538 2720 676 2758 aversum
690 2700 811 2778 cuspide
825 2700 887 2758 finit

179 2789 320 2850 Loricam
333 2793 510 2870 galeamque
525 2794 611 2864 inter,
630 2792 690 2871 quis
704 2794 781 2853 colla
795 2795 927 2853 sedentis

179 2884 307 2956 Lucent,
325 2895 353 2942 et
369 2886 442 2944 laevo
458 2886 602 2964 dependet
618 2907 721 2965 parma
736 2888 848 2946 lacerto
865 2908 871 2944 :

111 3038 113 3044 ,
180 2977 379 3050 Orsilochum,
396 2979 512 3058 lugiens
526 3000 725 3058 magnumque
741 2983 853 3059 agitata
867 3001 919 3059 per
933 2983 1046 3055 orbem,

180 3070 280 3131 Eludit
294 3093 369 3150 gyro
384 3073 515 3145 interior,
531 3074 723 3151 sequiturque
738 3086 921 3152 sequentem.
1104 3077 1162 3136 695

180 3163 256 3223 Tum
271 3165 398 3223 validam
413 3186 523 3243 perque
539 3187 623 3226 arma
636 3169 698 3226 viro
714 3188 824 3246 perque
839 3189 909 3227 ossa
922 3169 1062 3241 securim,

181 3256 278 3317 Altior
291 3278 466 3337 exsurgens,
482 3262 578 3319 oranti
593 3274 622 3319 et
636 3263 728 3319 multa
744 3263 878 3339 precanti

182 3349 398 3429 Congeminat:
421 3353 527 3410 vulnus
541 3353 638 3411 calido
653 3355 729 3432 rigat
744 3373 796 3412 ors
809 3355 943 3413 cerebro.

218 3444 325 3503 Incidit
338 3446 419 3516 huic,
436 3446 592 3521 subitoque
607 3447 750 3523 adspectu
764 3447 885 3504 territas
899 3446 995 3517 haesit,

180 3537 422 3616 Appenninicolae
438 3539 563 3597 bellator
577 3540 654 3597 filius
668 3539 760 3609 Auni,
1104 3543 1164 3601 70⁰

181 3632 272 3692 Haud
286 3633 432 3712 Ligurum
446 3643 606 3705 extremus,
622 3634 691 3692 dum
705 3633 808 3692 fellere
823 3635 883 3693 sata
897 3635 1043 3695 sinebant.

182 3727 281 3805 lsque,
298 3731 347 3788 uhi
362 3749 394 3787 se
409 3730 489 3786 nullo
500 3729 562 3803 jum
576 3749 666 3787 cursu
681 3729 809 3786 evadere
823 3749 930 3808 pugnae

181 3819 284 3891 Posse,
300 3843 398 3899 neque
414 3824 570 3880 instantem
583 3823 718 3900 reginam
734 3833 882 3896 avertere,
898 3824 1016 3896 cernit3

182 3914 315 3975 Consilio
329 3936 449 3975 versare
465 3916 547 3974 dolos
562 3916 714 3994 ingressus
725 3926 754 3976 et
769 3925 846 3989 astu,

181 4007 286 4087 Incipit
301 4010 366 4068 haee
382 4029 388 4067 :
412 4009 492 4077 Quid
503 4020 562 4067 tam
576 4011 740 4088 egregium,
757 4012 782 4069 si
797 4011 918 4070 soemina
930 4011 998 4070 sorti
1105 4012 1161 4070 ⁷05

180 4100 262 4160 Fidis
276 4103 380 4180 equo?
401 4104 512 4162 dimitte
527 4104 637 4183 sugam,
654 4113 683 4163 et
696 4113 726 4162 te
741 4105 904 4163 comminus
919 4124 1005 4181 aequo

179 4193 300 4255 Mecum
314 4198 403 4255 crede
418 4199 491 4270 solo,
509 4219 675 4277 pugnaeque
690 4200 816 4278 accinge
831 4199 982 4276 pedestri:

179 4288 247 4349 Jam
260 4311 378 4362 nosces,
395 4301 519 4350 ventosa
533 4293 607 4351 serat
621 4293 670 4351 cui
683 4294 779 4370 gloria
794 4293 937 4352 fraudem.

179 4380 280 4442 Dixit:
305 4396 335 4442 at
350 4386 400 4443 illa
414 4386 526 4458 sarens,
543 4387 665 4462 acrique
680 4406 810 4445 accensa
825 4387 936 4458 dolore,

179 4475 281 4537 Tradit
297 4498 405 4555 equum
421 4480 531 4551 comiti,
549 4481 729 4557 paribusque
744 4481 855 4539 resistit
869 4481 899 4538 in
913 4481 1014 4554 armis,

179 4567 260 4631 Ense
275 4573 367 4650 pedes
380 4573 470 4646 nudo,
485 4572 620 4652 purique
635 4575 769 4634 interrita
783 4573 896 4653 parmis.
