2692 5122
185 391 240 451 m
466 383 493 429 Ρ.
512 382 677 430 VlRGILll
701 381 871 431 MARONIS

90 530 100 553 '
181 526 209 585 Ο
224 524 329 603 patria,
345 532 373 582 et
388 523 464 600 rapti
478 521 679 599 nequidquam
692 540 730 580 ex
743 522 827 581 hoste
842 522 994 581 Penates!

181 620 312 679 Nullane
329 618 390 693 jam
404 617 504 691 Trojm
519 617 655 674 dicentur
668 615 803 673 moenia?
825 633 972 690 nusquam

181 713 352 772 Hectoreos
366 730 479 781 amnes,
495 710 649 768 Xanthum
663 718 692 766 et
707 709 869 779 Simoenta,
885 707 1017 767 videbo?

182 807 264 875 Quin
278 806 368 884 agite,
385 813 415 863 et
429 823 546 863 mecum
559 803 703 861 infaustas
717 802 831 860 exurite
845 821 968 880 puppes.
1107 803 1167 865 685

181 901 210 959 N
212 919 262 959 am
274 900 345 958 mihi
359 898 540 958 Cassandrae
555 915 609 974 per
622 916 757 955 somnum
772 896 847 954 vatis
861 895 960 973 imago

180 993 330 1053 Ardentes
345 992 416 1050 dare
431 991 495 1049 visa
509 991 614 1048 faces:
636 989 700 1048 Hic
715 982 838 1066 qbterite
854 987 988 1066 Trojam,

181 1087 244 1145 Hic
259 1086 363 1143 domus
376 1093 432 1155 est,
448 1084 553 1161 inquit,
570 1083 664 1141 vobis.
703 1082 775 1141 Jam
788 1090 904 1159 tempus
918 1082 969 1159 agi
983 1100 1032 1141 res
1046 1100 1056 1153 ς

181 1180 209 1240 N
212 1199 248 1238 ec
262 1179 352 1237 tantis
366 1197 449 1236 mora
468 1177 618 1255 prodigiis.
661 1176 710 1235 En
725 1184 853 1251 quatuor
867 1195 928 1233 arm

180 1273 322 1349 Neptuno
337 1291 345 1340 ;
368 1271 442 1329 deus
456 1271 519 1348 ipse
534 1270 616 1327 faces
631 1268 819 1344 animumque
834 1268 988 1326 ministrat.
1105 1269 1166 1329 aad

219 1366 298 1425 Haec
313 1384 490 1435 memorans,
507 1364 600 1440 prima
614 1362 760 1420 infensum
775 1362 803 1420 vi
818 1362 939 1439 corripit
952 1361 1076 1440 ignem

181 1458 365 1534 Sublatdque
381 1459 483 1535 procul
498 1454 604 1514 dextri
617 1456 744 1514 connixa
758 1463 907 1526 coruscat,

179 1553 220 1611 Et
239 1552 322 1628 jacit.
362 1553 499 1610 Arrectm
514 1560 629 1608 mentes
642 1549 868 1625 stupefactaque
883 1548 976 1609 corda

180 1644 316 1703 Iliadum.
358 1645 422 1703 Hic
437 1664 496 1702 una
510 1663 526 1701 e
541 1643 650 1713 multis,
669 1662 735 1718 qum
749 1643 876 1701 maxima
889 1651 971 1715 natu,

179 1738 291 1816 Pyrgo,
307 1747 349 1796 tot
363 1738 474 1797 Priami
488 1748 625 1795 natorum
638 1737 724 1813 regia
738 1737 836 1795 nutrix
847 1755 855 1792 t
1106 1735 1164 1795 646

179 1833 249 1891 Non
262 1833 360 1891 Beroe
373 1832 467 1901 vobis,
484 1850 543 1888 non
557 1831 622 1888 haec
636 1830 788 1900 Rboeteia,
805 1838 926 1901 matres,

178 1925 235 1984 Est
249 1925 375 2001 Dorycli
389 1925 497 1999 conjux
510 1942 517 1980 z
540 1923 631 1981 divini
645 1923 731 1999 signa
746 1922 863 1980 decoris

179 2018 388 2094 Ardentesque
403 2025 503 2076 notate
518 2018 641 2086 oculos;
666 2017 716 2092 qui
730 2017 850 2092 spiritus
864 2015 916 2086 illi,

169 2111 241 2179 'Qui
256 2112 364 2182 vultus,
380 2112 500 2169 vocisve
515 2131 615 2181 sonus,
632 2111 678 2168 vel
693 2129 816 2187 gressus
834 2107 926 2168 eunti.

179 2203 250 2282 lpsa
264 2214 382 2282 egomet
396 2205 506 2262 dudum
519 2206 638 2263 Beroen
652 2205 789 2281 digressa
801 2203 909 2278 reliqui

180 2295 318 2374 AEgram,
334 2298 546 2374 indignantem,
562 2298 614 2355 tali
629 2296 708 2372 qudd
722 2298 786 2354 sola
800 2305 917 2354 careret

178 2390 317 2461 Munere,
334 2410 390 2448 nec
405 2392 525 2449 meritos
542 2390 680 2448 Anchisae
695 2390 818 2448 inferret
832 2390 970 2448 bonores.

179 2483 258 2540 Haec
275 2483 373 2541 effata.

178 2578 217 2633 At
231 2584 352 2646 matres,
369 2575 463 2652 primb
478 2576 633 2653 ancipites,
649 2577 803 2652 oculisque
818 2577 956 2654 malignis

177 2669 346 2746 Ambiguae,
363 2678 500 2746 spectare
514 2679 605 2741 rates,
621 2671 761 2727 miserum
774 2671 852 2728 inter
865 2690 997 2730 amorem

178 2761 339 2819 Praesentis
352 2771 451 2832 terrae,
468 2763 594 2839 fatisque
609 2765 747 2821 vocantia
760 2784 875 2842 regna:
962 2797 965 2805 n

178 2853 279 2921 Quum
294 2856 351 2913 dea
365 2876 397 2913 se
412 2857 533 2934 paribus
547 2877 600 2934 per
615 2857 723 2915 coelum
738 2859 856 2915 sustulit
871 2859 938 2928 alis,

178 2946 393 3026 lugentemque
409 2949 482 3027 lugd
495 2951 591 3008 secuit
606 2952 660 3008 sub
676 2952 803 3008 nubibus
818 2970 929 3011 arcum.

176 3043 255 3100 Tum
270 3043 340 3101 verb
358 3045 488 3102 attonitae
504 3044 652 3114 monstris,
670 3053 805 3120 actaeque
819 3044 931 3117 furora,

177 3135 385 3207 Conclamant,
402 3138 579 3214 rapiuntque
595 3137 668 3195 focis
683 3138 884 3215 penetralibus
902 3139 1022 3216 ignem:

176 3228 252 3286 Pars
267 3229 393 3305 spoliant
408 3249 487 3300 aras,
505 3231 637 3287 frondem
652 3250 689 3288 ac
704 3232 832 3308 virgulta
846 3231 988 3307 facesque

177 3320 348 3397 Conjiciunt
363 3341 369 3377 :
393 3323 462 3379 furit
476 3323 614 3380 immissis
628 3324 784 3382 Vulcanus
798 3324 922 3382 habenis

177 3411 322 3470 Transtra
335 3433 389 3490 per
403 3422 431 3469 et
446 3434 554 3484 remos,
571 3424 600 3471 et
615 3416 709 3491 pictas
725 3418 821 3474 abiete
836 3436 960 3494 puppes.

176 3506 305 3564 Nuntius
320 3506 459 3564 Anchisae
475 3507 512 3564 ad
526 3509 670 3566 tumulum
684 3529 856 3586 cuneosque
874 3510 983 3570 theatri

177 3599 321 3659 lucenses
336 3599 445 3676 perfert
460 3620 552 3658 nares
565 3602 710 3660 Eumelus
725 3623 733 3672 3
756 3612 785 3661 et
800 3604 856 3680 ipsi

175 3693 352 3769 Respiciunt
367 3702 462 3751 atram
476 3695 505 3752 in
520 3696 618 3753 nimbo
633 3697 757 3754 volitare
772 3698 912 3757 favillam.

174 3785 292 3842 Primus
305 3800 334 3843 et
348 3788 506 3860 Ascanius,
524 3808 630 3847 cursus
644 3799 675 3847 ut
690 3791 775 3849 laetus
789 3799 946 3867 equestres

174 3877 326 3951 Ducebat,
343 3881 386 3938 sic
401 3901 473 3939 acer
487 3902 564 3958 equo
578 3885 697 3941 turbata
711 3886 813 3961 petivit

175 3971 286 4031 Castra
300 3992 307 4042 ;
332 3994 388 4032 nec
402 3976 552 4034 exanimes
566 3986 688 4053 possunt
702 3980 831 4037 retinere
846 3979 990 4058 magistri.

175 4063 252 4135 Quis
267 4066 348 4125 furor
361 4069 416 4126 iste
431 4070 549 4127 novus?
572 4070 630 4146 qud
645 4091 734 4142 nunc,
752 4072 809 4148 qud
825 4073 957 4145 tenditis,
973 4071 1080 4149 inquit,
1102 4072 1162 4133 mu

175 4157 267 4218 Heu!
288 4161 405 4222 miserae
420 4163 525 4222 cives?
547 4183 607 4223 non
620 4164 745 4238 hostem,
761 4167 939 4244 inimicaque
953 4177 1057 4228 casua
