2692 5122
213 419 267 476 176
497 413 523 460 Ρ.
544 413 901 462 ῊΒΕῙΜΙιΜΔΒΟΝῐΒ

211 552 422 630 Nequidquam
440 561 632 624 memoratus,
648 554 757 629 Eryx?
779 556 829 613 ubi
843 555 920 612 same
935 572 1118 631 peromnem

212 645 408 718 Trinacriam,
426 656 455 704 et
470 647 565 724 spolia
580 648 630 705 illa
643 647 702 705 tuis
717 648 874 725 pendentia
894 649 981 706 tectis
997 647 1008 704 ?
1052 666 1055 671 ·

211 741 266 799 Ille
281 743 335 799 sub
351 742 416 799 hac
431 760 437 797 :
461 741 489 799 N
492 762 530 799 on
549 742 645 799 laudis
660 761 753 813 amor,
770 761 826 799 nec
841 743 936 820 gloria
949 742 1039 800 cessit

210 834 303 894 Pulsa
318 845 396 892 metu
413 853 421 904 ;
446 836 498 893 sed
513 837 591 892 enim
606 836 722 914 gelidus
735 837 871 893 tardante
886 835 1009 894 senectd
1137 836 1198 895 396

212 929 340 1006 Sanguis
354 929 453 999 hebet,
469 929 638 1007 frigentque
653 930 762 987 effoetoe
776 930 806 987 in
822 934 951 1006 corpore
962 929 1050 989 vires.

211 1024 243 1081 Si
258 1025 337 1094 mihi,
355 1044 421 1099 quae
437 1025 585 1100 quondam
599 1025 706 1094 suerat,
724 1023 843 1100 quique
858 1025 1008 1101 improbus
1023 1024 1078 1082 iste

210 1115 349 1176 Exsultat
364 1117 469 1186 fidens,
486 1118 510 1174 si
525 1137 604 1174 nunc
619 1118 693 1174 soret
709 1118 759 1174 illa
776 1118 916 1192 juventas
930 1136 938 1185 ;

209 1209 303 1268 Haud
318 1211 455 1286 equidem
469 1211 563 1285 pretio
579 1210 715 1267 inductus
730 1210 913 1286 pulchroque
927 1210 1058 1285 juvenco

210 1304 368 1361 Vertissem
382 1323 388 1359 :
413 1324 468 1361 nec
484 1304 562 1360 dona
576 1323 683 1361 moror.
728 1304 777 1360 Sic
792 1304 897 1360 deinde
912 1304 1039 1375 locutus,
1137 1304 1197 1362 40⁰

210 1396 246 1454 In
261 1397 390 1454 medium
402 1397 537 1474 geminos
551 1397 670 1454 immani
684 1397 813 1473 pondere
829 1406 939 1454 caestus

209 1489 350 1565 Projecit‚
369 1491 476 1566 quibus
491 1510 562 1547 acer
575 1489 659 1566 Eryx
675 1490 703 1547 in
718 1490 824 1566 proelia
838 1498 940 1547 suetus
1041 1492 1048 1503 '

209 1582 304 1642 Ferre
320 1602 448 1653 manum,
466 1583 600 1658 duroque
616 1583 768 1640 intendere
783 1583 907 1640 brachia
920 1592 1016 1660 tergo.

173 1675 183 1695 ⁶
209 1675 400 1753 Obstupuere
416 1678 527 1734 animi:
549 1686 698 1733 tantorum
713 1677 844 1754 ingentia
859 1685 972 1752 septem
1051 1686 1056 1705 ¹

208 1769 312 1848 Terga
327 1772 415 1827 boum
430 1771 548 1846 plumbo
566 1771 663 1827 insuto
677 1771 815 1846 ferroque
831 1770 977 1846 rigebant.
1139 1768 1197 1828 405

208 1865 286 1922 Ante
302 1885 404 1923 omnes
419 1874 517 1942 stupet
532 1865 594 1941 ipse
610 1865 721 1934 Dares,
737 1864 886 1941 longeque
902 1871 1043 1921 recusat:

209 1957 479 2036 Magnanimusque
494 1959 692 2016 Anchisiades
706 1967 735 2014 et
750 1958 864 2035 pondus
878 1968 907 2015 et
921 1958 987 2035 ipsa

208 2051 281 2110 Huc
297 2052 366 2111 illuc
382 2053 545 2120 vinclorum
564 2053 708 2109 immensa
722 2052 871 2109 volumina
885 2060 994 2110 versat.

208 2145 286 2202 Turn
301 2146 400 2203 senior
414 2146 490 2202 tales
505 2146 654 2203 referebat
669 2155 789 2222 pectore
805 2164 894 2202 voces
911 2164 918 2202 :

210 2237 300 2309 Quid,
318 2239 342 2295 si
359 2240 423 2314 quis
438 2247 546 2296 creatus
561 2239 653 2315 ipsius
668 2248 697 2296 et
712 2238 855 2295 Herculis
869 2258 953 2296 arma
1137 2238 1197 2297 410

208 2329 352 2401 Vidisset,
366 2332 540 2406 tristemque
554 2331 612 2388 boc
627 2332 733 2407 ipsein
748 2331 845 2388 littore
860 2350 991 2409 pugnam
1006 2329 1018 2387 1

209 2422 288 2480 Haec
302 2443 463 2501 germanus
476 2424 560 2501 Eryx
575 2424 723 2500 quondam
737 2433 806 2481 tuus
821 2444 904 2482 arma
917 2426 1042 2503 gerebat
1056 2443 1064 2495 3

105 2576 114 2581 ,
208 2517 361 2594 Sanguine
376 2518 475 2574 cernis
490 2518 587 2601 adbuc
606 2517 762 2603 tractoque
777 2518 887 2577 insecta
901 2518 1036 2587 cerebro.
1065 2580 1072 2587 ,
1097 2590 1101 2595 ¹

208 2607 268 2669 His
283 2590 423 2686 magnu'r'ri
434 2606 563 2667 'Alciden
579 2602 683 2668 contra
698 2596 783 2668 'stetit
799 2628 806 2667 τ
830 2611 875 2669 his
889 2631 947 2689 ego
957 2590 1075 2683 suetus,
1109 2592 1113 2597 ι
1221 2650 1230 2673 .

208 2701 289 2760 Dum
304 2703 408 2760 melior
423 2704 501 2761 vires
516 2705 638 2782 sanguis
653 2705 754 2776 dabat,
771 2706 877 2762 aemula
891 2704 1019 2763 necdum
1138 2706 1197 2767 416

207 2794 407 2872 Temporibus
422 2797 549 2874 geminis
563 2800 691 2855 canebat
705 2817 811 2874 sparsa
825 2807 977 2858 senectus.
1170 2780 1176 2793 ⁸

209 2889 278 2960 Sed,
296 2891 320 2947 si
339 2899 441 2948 nostra
454 2891 554 2949 Dares
569 2893 635 2950 haec
649 2892 760 2949 Troius
775 2910 857 2949 arma
871 2899 1002 2964 recusat,

209 2981 303 3060 quue
318 2984 366 3061 pio
380 2984 464 3042 sedet
477 2986 600 3056 AEneae,
617 2987 722 3062 probat
736 2995 841 3043 auctor
854 2985 994 3058 Acestes,

207 3077 380 3154 AEquemus
396 3098 520 3156 pugnas.
563 3079 673 3155 Erycis
687 3079 740 3137 tibi
753 3088 840 3157 terga
854 3079 972 3138 remitto
987 3099 994 3149 3

209 3171 297 3229 Solve
312 3180 407 3230 metus
422 3191 429 3242 ;
453 3182 482 3230 et
497 3183 528 3230 tu
543 3173 693 3248 Trojanos
708 3192 784 3230 exue
800 3183 918 3231 caestus.
1137 3172 1197 3231 420

248 3264 327 3322 Haec
343 3264 430 3335 satus,
448 3265 596 3341 duplicem
610 3286 647 3323 ex
661 3267 792 3324 humeris
806 3266 911 3342 rejecit
926 3267 1067 3326 amictum
1083 3286 1092 3337 ;

208 3354 248 3415 Et
262 3376 387 3434 magnos
402 3359 600 3415 membrorum
615 3369 707 3430 artus,
724 3380 832 3438 magna
847 3380 926 3432 ossa,
942 3361 1133 3438 lacertosque

207 3449 309 3520 Exuit,
326 3457 415 3525 atque
431 3451 537 3526 ingens
552 3450 650 3509 media
665 3454 797 3524 consistit
813 3453 915 3512 arensi.

208 3543 287 3602 Tum
305 3552 387 3600 satus
401 3542 537 3602 Anchisa
552 3553 661 3602 caestus
677 3556 761 3622 pater
775 3549 878 3605 extulit
895 3567 1008 3625 aequos,

210 3636 248 3695 Et
264 3636 384 3713 paribus
399 3636 511 3714 palmas
527 3641 678 3697 amborum
693 3640 825 3698 innexuit
840 3640 873 3698 a'
906 3643 939 3700 is.
1138 3642 1200 3701 425

209 3729 351 3789 Constitit
366 3731 395 3787 in
410 3731 519 3809 digitos
534 3734 680 3811 extemplo
695 3744 831 3793 arrectus
845 3662 983 3819 ἄφιε,

208 3822 398 3899 Brachiaque
414 3825 451 3882 ad
466 3847 591 3903 superas
605 3828 756 3886 interritus
771 3831 874 3888 extulit
888 3843 989 3889 auras.

208 3916 369 3975 Abduxdre
384 3927 464 3976 retro
479 3920 568 3998 longd
583 3923 682 3998 capita
697 3923 791 3981 ardua
806 3917 918 3983 abb'ctu
935 3944 942 3995 ;

209 4009 439 4089 lmmiscentque
454 4032 559 4072 manus
572 4016 718 4086 manibus,
736 4036 925 4095 pugnamque
940 4018 1103 4078 lacessunt.

209 4103 264 4161 Ille
279 4104 385 4180 pedum
403 4108 507 4166 melior
520 4118 611 4181 motu,
628 4110 782 4185 fretusque
799 4111 948 4186 juventii:
1140 4098 1207 4172 450'

207 4195 271 4256 Hic
284 4200 424 4259 membris
438 4208 468 4259 et
481 4203 559 4262 mole
573 4204 676 4262 valens
692 4223 700 4273 ;
723 4203 776 4261 sed
790 4204 877 4263 tarda
890 4206 1028 4264 trementi
