2692 5122
732 410 839 487 epis*

507 769 681 816 AENElDOS
701 769 771 817 LIB.
788 769 843 817 111.

181 905 321 980 Olearon,
338 908 512 986 niveamque
527 910 637 981 Paron,
652 928 833 987 sparsasque
847 927 901 986 per
915 927 1019 984 oequor

181 1000 342 1080 Cycladas,
356 1011 385 1060 et
400 1003 514 1060 crebris
528 1003 654 1080 legimus
668 1003 745 1061 freta
757 1003 871 1061 consita
885 1003 983 1061 terris.

180 1095 327 1156 Nauticus
342 1098 475 1155 exoritur
488 1098 571 1156 vario
586 1100 748 1156 certamine
763 1099 896 1168 clamqr.;

180 1189 348 1249 Hortamur
362 1191 445 1262 socii,
463 1191 588 1250 Cretam
602 1194 788 1269 proavosque
803 1201 947 1269 petamus.

179 1283 374 1361 Prosequitur
387 1304 514 1363 surgens
528 1305 546 1342 a
561 1285 650 1362 puppi
664 1296 770 1343 ventus
784 1294 889 1343 euntes
905 1305 912 1355 ;

180 1376 217 1437 Et
230 1378 350 1436 tandem
365 1379 494 1455 antiquis
509 1377 655 1437 Curetum
669 1379 826 1437 sllabimur
840 1379 909 1437 oris.

180 1470 259 1550 Ergo
274 1471 380 1529 avidus
394 1491 494 1529 muros
508 1482 616 1548 optatas
630 1472 736 1530 molior
756 1474 847 1544 urbis,

180 1563 436 1643 Pergameamque
451 1584 524 1623 voco
540 1584 547 1633 3
572 1575 601 1622 et
616 1564 714 1623 laetem
728 1566 904 1642 cognomine
918 1573 1037 1644 gentem

180 1656 291 1716 Hortor
306 1678 408 1715 amare
423 1658 516 1729 socos,
533 1678 693 1735 arcemque
709 1660 844 1717 attollere
859 1660 956 1718 tectis.

179 1749 304 1828 Jamque
319 1751 381 1809 sere
397 1752 480 1809 sicco
494 1753 648 1810 subductae
663 1753 760 1809 littore
775 1772 908 1830 puppes;

181 1841 344 1904 Connubiis
358 1845 498 1921 arvisque
513 1846 596 1904 novis
610 1858 734 1923 operata
750 1846 891 1920 juventus
906 1865 913 1915 ;

178 1936 252 1997 Jura
264 1937 427 2015 domosque
441 1939 548 1996 dabam
563 1958 570 2008 ;
595 1939 691 1997 subitd
708 1958 798 2015 quum
811 1940 912 1997 tabida
926 1939 1076 2011 membris,

180 2030 329 2109 Corrupto
343 2032 413 2090 eoeli
427 2040 533 2103 tractu,
550 2032 778 2109 miserandaque
793 2033 872 2091 venit

179 2125 403 2201 Arboribusque
418 2126 548 2202 satisque
563 2126 638 2196 lues,
654 2135 683 2184 et
698 2126 797 2184 letifer
810 2147 916 2186 annus.

178 2216 368 2295 Linquebant
381 2218 485 2277 dulces
499 2220 623 2290 animas,
641 2231 691 2277 aut
706 2240 788 2297 aegra
802 2221 960 2278 trahebant

179 2310 333 2389 Corpore:
356 2320 417 2369 tum
432 2312 549 2369 steriles
564 2331 690 2369 exurere
706 2313 801 2370 Sirius
821 2333 911 2390 agros
926 2331 932 2368 :

178 2405 312 2463 Arcbant
326 2404 438 2475 herbae,
456 2414 485 2461 et
500 2405 610 2462 victum
624 2423 713 2479 seges
728 2424 811 2482 aegra
825 2406 965 2482 negabat.

178 2495 297 2555 Rursus
311 2497 348 2554 ad
363 2497 497 2554 oraclum
511 2497 646 2574 Ortygiae
659 2496 866 2573 Phoebumque
882 2516 1018 2555 remenso

178 2588 326 2648 Hortatur
341 2598 426 2666 pater
442 2590 484 2647 ire
499 2590 584 2659 meri,
601 2589 778 2665 veniamque
794 2591 932 2666 precari:

178 2683 276 2752 Quam
291 2685 378 2743 sessis
393 2685 480 2742 finem
496 2687 586 2742 rebus
600 2683 675 2741 serat
689 2703 697 2754 ;
723 2685 800 2741 unde
815 2686 950 2743 laborum

176 2776 308 2836 Tentare
324 2779 465 2836 auxilium
482 2779 586 2854 jubeat
601 2797 608 2847 ;
635 2777 693 2854 qud
709 2788 828 2836 vertere
843 2799 958 2839 cursus.
1000 2814 1003 2819 ·
1022 2780 1054 2823 ὲ-

216 2871 284 2929 Nox
299 2879 373 2942 erat,
390 2879 419 2928 et
434 2871 521 2928 terris
536 2872 675 2929 animalia
689 2891 810 2929 somnus
825 2872 963 2932 habebat.

177 2966 303 3045 Effigies
317 2987 413 3025 sacrm
428 2965 525 3024 divium
539 2968 724 3044 Phrygiique
738 2969 880 3041 Penates,

178 3059 262 3128 Quos
276 3079 393 3118 mecum
408 3080 426 3118 a
440 3060 533 3136 Troji
549 3062 712 3138 mediisque
726 3082 763 3120 ex
778 3063 897 3140 ignibus
911 3063 993 3122 urbis

177 3154 363 3226 Extuleram,
380 3155 433 3214 visi
448 3166 514 3214 ante
530 3157 633 3214 oculos
647 3157 767 3214 adstare
784 3158 913 3233 jacentis

177 3249 335 3321 Iusomnis,
353 3250 443 3308 multo
456 3252 604 3309 manifesti
616 3253 736 3324 lumine,
754 3253 814 3328 qud
827 3273 861 3311 se
937 3322 942 3335 ³

175 3342 272 3404 Plena
286 3364 340 3422 per
355 3344 481 3403 insertas
495 3345 636 3403 fundebat
651 3346 723 3403 luna
738 3347 894 3406 fenestras.

176 3437 255 3496 Tum
270 3438 314 3495 sic
329 3438 424 3508 affari,
442 3447 470 3495 et
485 3458 575 3496 curas
590 3440 635 3495 his
649 3439 769 3496 demere
784 3438 891 3496 dictis:

177 3530 268 3598 Quod
283 3531 334 3589 tibi
349 3531 447 3588 delato
462 3530 619 3608 Ortygiam
633 3531 766 3588 dlcturds
781 3533 888 3607 Apollo
901 3542 957 3604 est,

176 3622 241 3682 Hic
257 3624 356 3692 canit3
381 3633 410 3681 et
424 3633 477 3681 tua
491 3644 545 3680 nos
559 3643 597 3680 en
612 3625 689 3681 ultro
704 3623 741 3679 ed
756 3624 856 3682 limina
869 3626 964 3686 mittit.

176 3714 243 3774 Nos
255 3727 297 3789 te,
312 3717 469 3775 Dardanii
484 3714 618 3786 incensi,
634 3725 746 3792 tuaque
761 3737 845 3776 arma
858 3720 954 3778 secuti
968 3741 976 3791 ;

176 3808 243 3867 Nos
256 3810 398 3867 tumidum
412 3813 466 3868 sub
481 3820 511 3868 te
527 3810 675 3887 permensi
689 3810 835 3869 classibus
851 3831 973 3890 aequor3

177 3901 262 3961 Idem
275 3912 415 3961 venturos
429 3905 565 3962 tollemus
580 3905 608 3961 in
624 3912 706 3961 estre
719 3914 852 3981 nepotes,

177 3993 397 4073 Imperiumque
413 3998 477 4056 urbi
492 3997 636 4056 dabimus.
678 3998 727 4056 Tu
742 3999 852 4057 moenia
865 4001 983 4078 magnis

153 4132 159 4139 .
176 4086 291 4165 Magna
306 4109 388 4166 para,
404 4090 584 4168 longumque
599 4091 678 4168 sugas
692 4111 729 4148 ue
744 4091 845 4167 linque
860 4093 1001 4155 laborem.

175 4177 332 4240 Mutandae
346 4182 433 4240 sedes
447 4202 454 4251 ;
479 4202 538 4240 non
552 4182 617 4240 haec
631 4183 683 4240 tibi
697 4183 797 4241 littore
815 4185 908 4243 suasit

175 4270 295 4344 Delius,
312 4283 362 4332 aut
377 4272 477 4334 Cretae
496 4274 584 4351 jussit
599 4275 765 4347 considere,
783 4276 904 4354 Apollo.

175 4363 233 4423 Est
247 4366 342 4437 locus,
359 4366 540 4445 Hesperiam
554 4368 640 4427 Graii
654 4370 830 4447 cognomino
845 4370 958 4443 dicunt,

175 4455 274 4516 Terra
290 4461 422 4536 antiqua,
439 4469 544 4539 potens
558 4462 649 4520 armis
663 4471 753 4539 atque
768 4465 861 4522 ubere
876 4466 972 4543 glebae
986 4484 994 4534 ;

175 4548 301 4613 OEnotri
315 4550 436 4613 colubra
451 4554 525 4613 viri:
547 4575 626 4615 nunc
641 4555 728 4629 sama,
745 4556 874 4616 minores

456 4649 492 4705 12
