2692 5122
505 784 681 835 AENEIDOS
700 784 769 834 ΜΒ.
783 786 818 835 ll.

168 919 251 979 'l'alis
265 921 295 980 in
309 921 395 981 hoste
408 918 463 981 suit
475 923 617 995 Priamo,
610 944 617 958 ·
640 925 694 984 sed
711 927 779 1002 jura
792 926 940 1005 iidemque

169 1015 316 1092 Supplicia
330 1016 448 1074 erubuit
452 1035 644 1115 ,corpusque
659 1038 810 1099 exsangue
824 1022 963 1099 sepulcro

169 1106 309 1165 Reddidit
322 1098 509 1167 Hectoreum
512 1108 643 1187 ,meque
659 1113 688 1170 in
702 1133 769 1171 mer
783 1133 877 1192 regnu
890 1114 1031 1209 remisit..⁴

169 1200 218 1257 Sic
232 1200 312 1258 satus
325 1200 426 1260 senior
428 1202 602 1280 ,telumque
617 1194 772 1264 imbelle
748 1226 812 1265 erne
827 1208 887 1265 ictu

168 1294 319 1371 Conjecit,
335 1314 427 1354 rauco
442 1298 520 1373 quod
535 1299 666 1375 protinus
680 1319 740 1358 rere
754 1302 915 1378 repulsum,
1094 1302 1153 1361 545

167 1387 206 1446 Ει
221 1407 336 1447 summo
350 1388 448 1466 clypei
461 1390 662 1468 nequidquam
677 1395 803 1452 umbone
818 1394 966 1472 pependit.

169 1481 227 1541 Cui
241 1482 399 1558 Pyrrhus:
422 1483 550 1542 Reseres
564 1504 638 1544 ero
652 1487 729 1557 baec,
744 1497 774 1545 et
789 1489 909 1546 nuntius
923 1488 980 1547 ibis

158 1575 280 1634 Pelidae
294 1558 504 1655 genuerim
518 1597 584 1636 mea
597 1505 729 1637 didus
707 1581 797 1652 lactu,

167 1667 421 1747 Degeneremque
436 1671 673 1749 Neoptolemum,
688 1692 813 1732 narrare
827 1682 983 1734 memento.

169 1762 257 1848 Nunp
272 1782 398 1822 morere.
441 1764 512 1823 Hoc
526 1764 638 1836 dicens,
655 1766 759 1824 altaris
772 1767 832 1825 ad
825 1787 889 1845 ipsa
902 1773 1078 1827 trementem
1094 1769 1155 1827 550

168 1855 285 1926 Traxit,
300 1866 329 1914 et
343 1857 374 1914 in
387 1859 479 1915 multo
493 1859 657 1936 lapsantem
671 1862 816 1939 sunguine
830 1862 892 1920 nati
906 1880 914 1931 ;

170 1949 378 2027 implicuitque
392 1970 507 2009 comam
521 1950 608 2022 laevri,
625 1951 789 2029 dextrique
807 1974 966 2013 coruscum

169 2043 293 2114 Extulit,
311 2063 347 2101 nc
361 2043 447 2101 lateri
461 2044 567 2121 capulo
581 2044 669 2103 terius
683 2047 802 2117 abdidit,
820 2066 931 2108 ensem.

169 2136 248 2194 Haec
263 2137 330 2195 finis
343 2136 454 2194 Priami
468 2137 616 2208 latorum3
640 2139 688 2197 hic
701 2141 797 2198 exitus
811 2141 893 2199 illum

170 2230 255 2288 Sorte
269 2229 346 2300 tulit,
361 2228 505 2335 Trojam
498 2250 650 2289 incensam
664 2240 693 2289 et
708 2234 846 2310 prolupsa
860 2234 1009 2292 videntem
1094 2235 1153 2292 555

169 2322 329 2402 Pergama,
343 2331 386 2380 tot
400 2306 548 2399 quotidem
561 2325 678 2429 populis
691 2326 838 2401 terrisque
853 2327 1014 2402 superbum

171 2417 374 2505 Regnatorem
387 2416 479 2474 Asiae.
520 2416 540 2475 J
542 2426 609 2474 acet
623 2417 729 2495 ingens
742 2419 839 2475 littore
854 2427 988 2488 truncus,

170 2509 374 2586 Avulsumque
389 2509 520 2567 humeris
533 2518 634 2586 caput,
650 2519 680 2567 et
694 2511 758 2568 sine
773 2510 889 2568 nomine
904 2527 1021 2588 corpus.

208 2605 249 2662 At
263 2623 310 2662 me
325 2612 386 2661 tum
401 2603 528 2708 primum
540 2623 637 2661 saevus
651 2605 846 2692 circumstetit
860 2605 974 2664 horror.

143 2697 339 2783 'Obstupui;
363 2697 453 2786 subiit
467 2697 531 2787 cari
544 2698 687 2789 genitoris
701 2698 846 2805 imago,
1096 2699 1156 2757 560

170 2791 208 2849 Ut
223 2790 350 2875 regem
340 2780 504 2866 oequaevuin
518 2778 632 2849 crudeli
645 2770 768 2850 vulnere
783 2772 846 2850 vidi

171 2868 496 2953 Vrtrnaeribalnntem
520 2880 609 2942 sublit
623 2876 742 2963 deserta
756 2884 883 2967 Creusa,

171 2976 210 3036 Et
224 2952 267 3035 d
244 2980 341 3059 repta
355 2971 468 3048 domus,
484 2986 514 3034 et
529 2974 611 3054 perui
627 2969 717 3036 casus
731 2977 798 3071 lpli.

170 3058 325 3148 Respicite,
336 3076 371 3128 et
386 3091 452 3147 quoe
466 3068 503 3129 sit
517 3091 564 3129 me
578 3066 691 3130 ιῖιιιιιιι
705 3072 792 3151 copia
806 3074 908 3133 lustro.

168 3163 343 3224 Deseruere
358 3182 459 3222 omnes
473 3165 592 3236 defessi,
609 3174 638 3224 et
652 3186 779 3244 corpora
793 3168 869 3225 saltu
1095 3168 1155 3226 565

168 3258 216 3318 Ad
229 3266 342 3316 terram
355 3255 474 3329 misere,
490 3268 540 3316 aut
556 3260 673 3337 ignibus
687 3279 769 3336 regi-a
782 3258 902 3318 dedere.

207 3351 336 3427 Jamque
352 3350 427 3407 adeb
442 3370 532 3429 super
546 3371 622 3409 unus
636 3371 717 3409 eram
732 3371 739 3420 3
764 3371 854 3426 quum
868 3350 969 3431 limina
982 3350 1082 3410 Vester

169 3446 344 3503 Servantem
358 3428 387 3500 et
401 3443 522 3501 tacitam
538 3442 658 3502 secretis
672 3444 701 3500 in
716 3443 787 3500 sede
802 3444 942 3500 latentem

168 3537 343 3616 Tyndarida
355 3537 487 3617 adspicio
502 3556 508 3592 ι
532 3537 602 3593 dant
618 3537 701 3592 clare
714 3534 851 3592 incendia
865 3535 962 3593 lucem

168 3631 304 3702 Erranti,
321 3630 490 3708 passimque
505 3630 607 3686 oculos
624 3648 676 3704 por
690 3637 799 3686 cuncta
812 3627 927 3686 serenti.
1096 3630 1156 3687 570

161 3718 228 3782 ¹lllu
241 3724 297 3782 sibi
312 3723 435 3782 infestos
448 3741 554 3780 eversa
569 3723 606 3779 ob
621 3722 770 3799 Pergama
783 3720 930 3792 Teucros,

169 3817 210 3875 Et
224 3836 329 3894 poenas
343 3813 492 3886 Danaum,
509 3823 538 3872 et
552 3815 663 3873 deserti
677 3815 813 3892 conjugia
825 3815 886 3872 iras

167 3910 385 3980 Praemetuens,
400 3909 500 3984 Trojre
515 3916 544 3965 et
559 3908 660 3985 patriae
675 3909 839 3966 communis
853 3908 995 3984 Erinnys,

168 4000 335 4093 Abdiderat
349 4021 427 4073 sese,
444 4011 533 4078 atqua
548 4002 608 4059 aria
622 4001 717 4059 inviso
731 4002 864 4060 sedebat.

167 4076 345 4201 Eidrsdi'e
337 4115 422 4173 rgnes
436 4096 556 4163 anim03
580 4096 679 4153 subit'
672 4114 717 4152 rra
730 4094 885 4152 cadentem
1095 4096 1154 4155 575

167 4164 294 4246 llicisdi
297 4189 431 4265 patriam,
448 4198 478 4246 et
491 4167 655 4246 sceleratas
669 4208 787 4245 sumere
801 4207 914 4265 poenas.

169 4284 292 4345 Scilicet
306 4284 370 4342 brec
386 4286 521 4361 Spartam
536 4284 691 4342 incolumis
700 4284 875 4360 patriasque
888 4282 1036 4361 Mycenas

168 4376 334 4455 Adspiciet,
350 4386 494 4455 partoque
510 4378 560 4435 ibit
575 4377 679 4454 regine
693 4376 865 4453 triumpho?

168 4469 421 4548 Conjugiumque,
438 4471 625 4547 domumque,
643 4478 751 4547 patres,
768 4479 913 4545 natosque
928 4470 1048 4543 uidebit,

167 4561 295 4623 lliodum
309 4562 399 4622 turbis
411 4573 440 4622 et
454 4564 593 4643 Phrygiis
607 4564 747 4622 comitata
759 4563 899 4620 ministris
913 4562 924 4618 ἰ
1093 4562 1153 4619 500
