2692 5122
509 789 682 837 AENEIDOS
701 791 770 839 ΗΒ.
785 792 833 840 xl.

180 926 247 987 Nec
260 925 339 998 veni,
357 926 414 985 nisi
427 927 487 986 sata
499 928 598 987 locum
608 916 772 1007 'sedemque
787 930 937 989 dedissent
953 949 961 1001 3

180 1021 247 1082 Nec
261 1021 371 1079 bellum
384 1041 452 1080 cum
466 1031 555 1100 gente
570 1043 653 1100 gero.
695 1025 764 1082 Rex
778 1033 880 1082 nostra
892 1025 1012 1103 reliquit

181 1115 333 1194 Hospitio,
350 1123 379 1173 et
392 1115 488 1173 Turni
499 1117 598 1193 potius
611 1137 645 1174 se
659 1118 895 1201 crediditarnris.

180 1209 314 1300 AEquiiqs
328 1210 397 1268 huic
410 1210 546 1268 Turnum
560 1211 656 1269 fuerat
669 1230 702 1269 se
717 1232 865 1289 opponere
879 1213 974 1274 morti.

183 1303 212 1362 Si
226 1303 337 1361 bellum
351 1303 436 1361 finire
450 1323 549 1375 manu,
566 1305 591 1362 si
606 1306 716 1381 pellere
730 1306 867 1364 Teucros

182 1398 325 1473 Apparat,
341 1397 386 1455 bis
400 1417 516 1456 mecum
530 1398 629 1456 decuit
644 1419 824 1457 concurrere
838 1401 905 1458 telis
919 1419 926 1458 :

182 1488 280 1561 Vixet,
297 1490 347 1548 cui
360 1491 449 1549 vitam
463 1492 537 1549 deus
552 1499 601 1549 aut
616 1512 671 1550 sua
685 1493 788 1550 dextra
805 1494 944 1554 dedisset.

182 1582 270 1643 Nunc
283 1584 335 1655 ite,
351 1592 380 1642 et
395 1585 513 1643 miseris
527 1587 681 1663 supponite
696 1587 811 1645 civibus
825 1588 933 1664 ignem.
987 1627 994 1635 -

217 1676 345 1735 Dixerat
358 1679 479 1736 AEneas
495 1698 502 1735 :
524 1680 574 1737 olli
588 1678 768 1757 obstupuere
783 1683 904 1739 silentes
917 1700 926 1751 ;

86 1763 89 1770 ’
183 1769 389 1847 conversique
405 1773 508 1830 oculos
520 1773 597 1830 inter
611 1793 643 1830 se
657 1782 747 1849 atque
762 1794 814 1831 ora
828 1777 977 1833 tenebant.

180 1862 257 1922 Turn
272 1865 382 1935 senior,
398 1884 574 1942 semperque
589 1866 664 1924 odiis
678 1875 707 1924 et
722 1867 844 1924 crimine
859 1867 998 1926 Drances

182 1956 318 2015 lnfensus
328 1959 433 2034 juveni
445 1958 558 2030 Turno,
575 1960 618 2018 sic
632 1979 685 2017 ore
700 1960 830 2018 vicissim

180 2050 258 2110 Oreo
272 2052 362 2108 refert
378 2071 385 2108 :
404 2051 529 2127 ‚Olfamd
543 2054 659 2130 ingens,
676 2054 826 2131 ingentior
839 2054 939 2126 armis,

180 2142 235 2202 Vir
246 2145 390 2221 Trojane,
408 2147 514 2221 quibus
527 2148 605 2204 coelo
619 2156 648 2204 te
663 2147 801 2204 laudibus
815 2167 931 2224 aequem
945 2147 956 2204 ?

180 2236 347 2296 Justitiaene
362 2239 443 2316 priirs
457 2241 556 2312 mirer,
574 2241 682 2298 bellino
697 2241 854 2298 laborum?

180 2330 244 2391 Nos
257 2332 329 2390 verd
344 2332 409 2391 haec
424 2334 548 2410 patriam
561 2334 639 2411 greti
653 2335 817 2392 reseremus
831 2334 869 2392 ad
883 2337 997 2407 urbem,

177 2424 219 2492 Et
232 2433 273 2496 te,
291 2426 316 2483 si
332 2445 390 2502 qua
405 2427 482 2483 viam
496 2426 610 2483 dederit
625 2427 752 2497 fortuna,
769 2427 878 2484 Latino

179 2519 345 2598 Jungemus
359 2522 434 2599 regi.
477 2522 602 2588 Quaerat
615 2522 671 2578 sibi
686 2521 799 2579 foedera
812 2522 943 2582 Turnus.

181 2612 260 2681 Quin
275 2623 304 2671 et
320 2615 425 2672 fatales
439 2634 588 2671 murorum
603 2615 738 2672 attollere
753 2615 857 2686 moles,

181 2707 319 2782 Saxaque
335 2709 511 2765 subvectare
526 2707 655 2765 humeris
669 2708 812 2784 Trojana,
825 2708 952 2784 juvabit.

181 2798 305 2857 Dixerat
320 2800 384 2858 baec
399 2820 406 2869 ;
431 2820 548 2876 unoque
564 2820 666 2859 omnes
680 2801 785 2859 eadem
803 2821 855 2859 ore
870 2802 1044 2863 fremebant.

179 2892 231 2952 Bis
245 2914 334 2952 senos
349 2894 489 2972 pepigere
504 2895 567 2953 dies
582 2916 589 2964 ;
614 2904 652 2966 et,
670 2916 744 2973 poce
759 2895 928 2972 sequestris,
1008 2924 1011 2931 ·
1080 2882 1083 2893 ,

180 2986 239 3047 Per
252 2988 343 3045 silvas
357 2988 480 3058 Teucri,
497 2990 636 3064 mixtique
651 2990 769 3066 impune
785 2989 896 3062 Latini,

180 3079 331 3140 Erravire
342 3080 432 3158 jugis.
466 3082 560 3140 Ferro
575 3094 659 3140 sonat
675 3083 734 3140 icta
748 3084 868 3160 bipenni

180 3172 327 3239 Fraxinus
341 3194 348 3242 ;
372 3183 507 3233 evertunt
523 3185 606 3234 actas
621 3177 657 3234 ad
672 3177 771 3235 sidera
785 3179 871 3254 pinus
885 3197 893 3247 ;

180 3265 302 3325 Robora
317 3287 372 3325 nec
387 3269 489 3330 cuneis
504 3277 532 3325 et
547 3271 673 3342 qlentem
689 3271 824 3327 scindere
844 3271 978 3342 cedrum,

180 3359 246 3418 Nec
261 3361 399 3437 plaustris
414 3369 533 3418 cessent
548 3372 668 3419 vectare
683 3365 869 3439 gementibus
884 3383 982 3421 ornos.

216 3455 256 3514 Et
268 3455 330 3530 jam
345 3456 370 3512 F
373 3475 440 3513 ama
454 3457 567 3524 volans,
584 3458 656 3513 tanti
672 3458 836 3533 praenuntia
850 3456 957 3528 luctus,

179 3548 352 3606 Evandrum
365 3549 557 3623 Evandrique
572 3549 673 3606 domos
689 3558 717 3606 et
733 3551 841 3608 moenia
855 3551 993 3627 complet,

180 3642 255 3709 Quo
270 3643 356 3699 modb
372 3643 513 3700 victorem
527 3641 614 3698 Latio
628 3641 766 3700 Pallanta
780 3644 903 3701 serebat.

179 3734 315 3792 Arcades
330 3735 366 3792 ad
382 3743 481 3811 portas
496 3754 583 3791 ruere
598 3754 606 3803 ;
630 3743 658 3791 et
674 3736 805 3793 demere
821 3745 938 3795 vetusto

177 3826 203 3886 F
206 3848 333 3886 unereas
348 3825 474 3905 rapuere
490 3827 571 3885 seces
587 3846 594 3883 τ
617 3829 696 3885 lueet
711 3830 759 3886 via
775 3830 863 3908 longo

178 3920 289 3979 Ordine
305 3922 499 3992 flammarum,
516 3933 544 3978 et
560 3921 617 3979 late
633 3922 814 3980 discriminat
829 3943 928 4001 agros.

178 4013 293 4074 Contrb
307 4018 395 4072 turba
411 4014 563 4093 Phrygum
579 4016 700 4072 veniens
716 4017 887 4094 plangentia
896 4018 1025 4096 jungunt
1110 4019 1163 4075 145

176 4108 316 4185 Agmina.
359 4109 436 4175 Quae
453 4117 607 4185 postquam
622 4119 732 4166 matres
746 4110 910 4168 succedere
925 4111 1012 4169 tectis

177 4198 334 4272 Viderunt,
351 4211 486 4260 moestam
501 4202 660 4260 incendunt
674 4203 853 4262 clamoribus
868 4207 980 4264 urbem.

176 4295 216 4352 At
231 4315 288 4352 non
303 4296 474 4353 Evandrum
489 4296 564 4372 potis
579 4305 624 4352 est
638 4296 682 4353 vis
698 4298 757 4353 ulla
770 4306 873 4355 tenere
890 4317 897 4366 ;

178 4388 235 4446 Sed
250 4389 329 4446 venit
344 4389 373 4445 in
388 4389 508 4447 medios.
552 4389 677 4446 Feretro
693 4389 833 4447 Pallanta
846 4401 965 4468 reposto

175 4479 339 4539 Procubuit
354 4502 453 4559 super,
470 4491 557 4557 atque
573 4483 665 4539 hoeret
681 4484 910 4560 lacrymansque
925 4505 1108 4564 gemensque
1123 4505 1131 4554 ;

177 4573 217 4633 Et
231 4577 280 4634 via
294 4577 343 4634 vix
356 4576 475 4633 tandem
489 4577 555 4633 voci
570 4577 670 4634 laxata
683 4575 785 4634 dolore
799 4585 844 4634 est
859 4597 866 4634 :
1109 4578 1158 4635 151

736 4686 774 4725 ar.
