2692 5122
178 378 238 434 334
472 368 499 416 P.
512 369 683 416 vincunt
707 368 883 419 MAROMS

179 511 220 571 Et
234 509 336 570 Furiis
350 509 481 588 agitatus
495 529 588 582 amor,
605 518 636 569 et
650 511 775 569 conscia
789 511 893 570 virtus.

180 605 221 664 Ut
236 605 359 683 primirm
373 605 518 662 discussae
532 606 655 677 umbrae,
672 613 702 662 et
716 604 767 662 lux
780 605 897 663 reddita
909 603 1012 678 menti,

179 698 331 759 Ardentes
345 699 500 758 oculorum
517 701 606 757 orbes
622 699 660 756 ad
674 700 785 758 moenia
798 700 883 758 torsit
1117 701 1179 761 stu

180 795 343 867 Turbidus,
360 815 437 871 eque
452 795 525 853 rotis
540 815 679 873 magnam
693 796 824 874 respexit
838 798 876 854 ad
898 797 1011 857 urbem.

220 891 305 949 Ecce
320 898 429 961 autem,
446 889 572 948 flammis
586 891 665 948 inter
677 891 812 949 tabulata
830 892 949 950 volutus

181 986 230 1045 Ad
246 985 356 1044 coelurn
371 984 500 1042 undabat
515 993 630 1056 vortex,
646 985 812 1062 turrimque
831 987 953 1044 tenebat
967 1004 976 1056 3

180 1079 312 1150 Turrim,
329 1078 493 1156 compactis
506 1078 642 1137 trabibus
657 1098 745 1155 quam
759 1079 904 1138 eduxerat
918 1078 992 1157 ipse,

181 1173 420 1249 Subdideratque
435 1180 528 1245 rotas,
544 1181 709 1250 pontesque
725 1174 901 1232 instraverat
916 1173 1002 1233 altos.
1115 1174 1179 1233 eto

180 1268 249 1327 Jarn
266 1268 329 1344 jam
344 1267 415 1339 sata,
432 1287 528 1342 soror,
543 1276 686 1345 superant
703 1286 710 1337 3
735 1268 845 1326 absiste
860 1268 993 1326 morari:

181 1361 251 1429 Qut
266 1361 351 1432 deus,
368 1371 398 1419 et
414 1360 471 1438 qud
487 1361 563 1419 dura
577 1369 665 1419 vocat
679 1361 825 1433 Fortuna,
843 1380 1013 1438 sequamur.
1086 1395 1090 1400 ·

181 1457 246 1515 Stat
260 1457 398 1515 conferre
412 1475 532 1514 manum
546 1457 670 1528 AEnem,
687 1464 745 1515 stat
761 1457 903 1534 quidquid
917 1457 1023 1515 acerbi
1036 1463 1083 1516 eet

179 1549 280 1608 Morte
296 1552 357 1628 pati
371 1570 378 1620 3
403 1570 459 1609 nec
473 1570 521 1609 me
537 1548 719 1623 indecorem,
735 1570 890 1629 germana,
906 1551 1021 1611 videbis

180 1643 325 1721 Ampliirs.
368 1643 473 1715 Hunc,
490 1663 553 1714 oro,
571 1644 696 1702 sinemo
712 1644 812 1703 furere
831 1643 901 1702 autb
915 1645 1057 1705 furorem.
1117 1647 1179 1706 680

179 1736 275 1813 Dixit,
290 1747 320 1796 et
334 1757 351 1796 s
366 1758 457 1797 curru
472 1738 580 1796 saltum
595 1738 674 1796 dedit
689 1738 774 1797 ocius
793 1737 895 1797 a'rvis:

179 1830 300 1908 Perque
315 1831 426 1903 hostes,
444 1852 498 1910 per
510 1832 572 1890 tela
584 1833 653 1904 ruit,
670 1841 867 1909 moestamque
881 1852 1016 1893 sororem

179 1924 314 1997 Deserit,
331 1945 368 1984 ac
381 1927 486 2003 rapido
500 1945 591 1985 cursu
607 1927 705 1984 media
720 1928 840 2005 agmina
857 1927 975 2006 rumpit.

179 2021 226 2078 Ac
242 2020 334 2077 veluti
348 2021 455 2079 montis
469 2039 573 2079 saxum
588 2021 625 2078 de
639 2021 752 2079 vertice
767 2039 902 2099 praeceps

180 2113 281 2181 Quum
295 2113 365 2186 ruit,
382 2115 516 2173 avulsum
531 2122 630 2186 vento,
646 2133 700 2173 seu
715 2114 850 2173 turbidus
864 2115 959 2173 imber
1117 2116 1178 2176 aab

178 2207 305 2280 Proluit,
322 2217 373 2267 aut
388 2210 474 2267 annis
489 2209 576 2267 solvit
590 2210 732 2287 sublapsa
746 2217 879 2267 vetustas
895 2228 903 2279 3

178 2301 289 2361 Fertur
302 2303 332 2361 in
347 2305 506 2381 abruptum
519 2323 628 2382 magno
642 2323 726 2361 mons
741 2304 892 2381 improbus
906 2311 987 2377 actu,

178 2396 377 2474 Exsultatque
392 2397 466 2469 solo,
483 2398 585 2469 silvas,
603 2407 746 2468 armenta,
764 2397 915 2474 virosque,

179 2488 338 2548 Involvens
353 2510 477 2548 secum:
499 2491 624 2566 disjecta
639 2511 692 2568 per
706 2492 826 2569 agmina
838 2491 961 2550 Turnus

179 2584 229 2642 Sic
244 2585 326 2642 urbis
340 2585 399 2642 ruit
414 2584 451 2643 ad
466 2604 576 2656 muros,
593 2586 644 2643 ubi
660 2586 786 2662 plurima
800 2586 866 2643 fuso
1116 2588 1177 2645 690

179 2678 333 2755 Sanguine
348 2685 430 2735 terra
444 2678 553 2748 madet,
570 2679 756 2754 striduntque
771 2680 929 2737 hastilibus
943 2697 1026 2738 aurae
1042 2697 1051 2750 3

73 2783 79 2805 ‘
179 2772 394 2849 Significatque
409 2790 510 2842 manu,
527 2781 556 2829 et
571 2791 679 2851 magno
693 2773 780 2831 simul
795 2773 897 2849 incipit
911 2791 985 2831 ore:

177 2864 297 2924 Parcite
315 2867 387 2942 jain,
404 2866 510 2923 Rutuli
527 2885 534 2935 3
559 2876 587 2925 et
602 2887 665 2937 vos,
682 2868 743 2924 tela
757 2867 899 2937 inhibete,
915 2865 1040 2925 Latini:

178 2960 386 3037 Quaecumque
401 2967 447 3018 est
461 2960 606 3032 Fortuna,
624 2980 691 3018 mea
705 2969 750 3018 est
767 2979 775 3029 3
799 2980 846 3018 me
861 2960 962 3018 verius
976 2978 1068 3020 unum

176 3053 236 3113 Pro
252 3056 336 3113 vobis
350 3054 448 3113 soedus
462 3055 557 3125 luere,
574 3063 603 3112 et
618 3055 781 3112 decernere
796 3054 886 3112 ferro.
1114 3055 1175 3112 695

176 3147 357 3208 Discessdre
372 3169 475 3207 omnes
490 3149 588 3220 medii,
605 3148 792 3225 spatiumque
808 3145 929 3207 dedere.
953 3155 956 3159 ’

216 3244 256 3300 Ar
271 3251 356 3320 pater
369 3243 499 3314 AEneas,
517 3242 618 3300 audito
632 3231 750 3299 nomine
764 3241 872 3313 Turni,

175 3334 299 3393 Deserit
315 3344 344 3393 et
359 3355 470 3407 muros,
484 3343 513 3392 et
528 3355 659 3392 summas
673 3335 783 3392 deserit
798 3354 886 3393 arces
900 3354 908 3404 3

175 3428 409 3506 Praecipitatque
425 3448 523 3486 moras
538 3447 640 3486 omnes
656 3447 664 3498 3
688 3448 780 3505 opera
794 3429 893 3486 omnia
908 3428 1027 3506 rumpit,

175 3522 297 3582 Laetitiri
311 3523 465 3580 exsultans
480 3541 488 3590 3
513 3521 753 3599 horrendumque
769 3522 881 3580 intonat
896 3522 1011 3580 armis:
1113 3523 1174 3580 ⁷00
1239 3550 1241 3555 ·

177 3616 318 3684 Quantus
332 3616 438 3686 Athos,
455 3624 507 3673 aut
522 3622 651 3691 quantus
664 3615 760 3692 Eryx,
777 3629 826 3672 aut
842 3615 916 3692 ipse,
934 3615 1072 3675 coruscis

178 3710 278 3777 Quum
295 3712 392 3769 fremit
406 3711 535 3783 ilicibus,
553 3718 691 3787 quantus,
708 3711 880 3787 gaudetque
894 3710 987 3768 nivali

176 3801 310 3875 Venice,
324 3825 357 3862 se
375 3805 513 3863 attollens
527 3814 612 3882 pater
626 3805 802 3881 Apenninus
817 3804 854 3861 ad
868 3823 968 3862 auras.

80 3918 84 3923 ’
175 3897 244 3956 Jam
259 3897 330 3955 verb
345 3907 375 3955 et
390 3899 494 3956 Rutuli
509 3898 655 3968 certatim,
673 3905 702 3954 et
716 3898 825 3967 Troes,
841 3906 870 3955 et
885 3917 990 3956 omnes

177 3987 364 4049 Convertere
378 3992 483 4050 oculos
498 3991 576 4061 Itali,
592 3991 703 4067 quique
718 3992 779 4048 alta
792 3993 935 4050 tenebant
1114 3992 1171 4052 ⁷06

175 4082 301 4154 Moenia,
320 4085 430 4161 quique
444 4085 519 4143 imos
534 4085 692 4161 pulsabant
707 4084 800 4142 ariete
816 4104 916 4142 muros
929 4104 937 4154 3

176 4176 330 4254 Armaque
345 4177 512 4257 deposuere
527 4177 669 4236 humeris.
710 4179 815 4256 Stupet
829 4179 893 4256 ipse
907 4177 1047 4254 Latinus,
