2692 5122
177 401 216 459 54
455 396 482 443 P.
507 395 674 443 vinclum
697 396 869 445 ustionis

176 533 256 593 Ante
275 535 372 593 locum
387 535 511 594 similem
526 536 695 611 exquirunt,
710 536 761 594 ubi
774 537 869 614 prima
882 543 1005 614 paretur

176 629 343 688 Arboribus
357 648 456 708 seges,
472 638 502 688 et
516 629 574 706 qub
590 649 656 688 mox
671 629 788 708 digesta
802 630 934 700 seratur3

175 721 323 781 Mutatam
338 724 475 802 ignorent
489 723 586 782 subitb
601 743 639 781 ne
653 725 768 782 semina
781 733 915 784 matrem,

178 814 362 882 Quinetiam
377 817 447 876 coeli
460 818 613 895 regionem
626 817 657 875 in
671 818 783 875 cortice
798 818 917 896 signant
930 836 939 888 ;

176 908 230 981 Ut,
244 930 303 987 quo
318 929 445 988 quasque
459 911 546 969 modo
561 911 686 983 steterit,
703 910 763 987 qud
777 921 860 989 parte
875 913 991 972 calores
1102 913 1162 971 270

177 1003 335 1063 Austrinos
352 1005 464 1077 tulerit,
481 1024 547 1081 quse
561 1013 649 1083 terga
660 1007 822 1064 obverterit
836 1007 896 1078 axi,

177 1095 350 1157 Restituunt
366 1117 372 1156 :
397 1098 473 1157 adeo
488 1099 518 1157 in
531 1100 643 1157 teneris
657 1118 856 1158 consuescere
870 1101 993 1159 multum
1006 1102 1071 1159 est!

218 1189 366 1264 Collibus,
382 1211 420 1250 an
435 1193 524 1270 plano
537 1192 643 1250 melitis
657 1193 694 1250 sit
714 1212 824 1270 ponere
838 1193 927 1253 vitem

178 1283 290 1351 Quaere
306 1284 396 1362 priirs.
438 1286 470 1343 Si
485 1285 603 1363 pinguis
617 1305 706 1363 agros
720 1289 871 1344 metabere
886 1287 993 1364 campi,

176 1374 282 1435 Densa
296 1397 363 1436 sere
377 1398 385 1448 ;
409 1379 439 1436 in
453 1379 546 1437 denso
560 1399 619 1437 non
633 1378 754 1456 segnior
767 1382 859 1437 ubere
873 1380 1013 1439 Bacchus
1027 1397 1035 1437 t
1102 1380 1162 1437 2⁸15

178 1470 229 1528 Sin
243 1472 363 1531 tumulis
378 1473 492 1531 acclive
507 1473 602 1531 solum
616 1473 768 1548 collesque
783 1475 915 1549 supinos,

178 1562 304 1641 indulge
318 1566 470 1623 ordinibus
487 1584 495 1634 ;
518 1584 575 1623 nac
589 1565 689 1635 seciirs
703 1566 797 1622 omnis
811 1566 840 1622 in
855 1584 984 1643 unguem

177 1655 345 1716 Arboribus
366 1658 468 1734 positis
482 1666 565 1716 secto
580 1659 629 1715 via
642 1658 734 1715 limite
749 1658 883 1733 quadret.

177 1748 217 1808 Ut
232 1750 324 1827 saepd,
340 1751 453 1828 ingenti
474 1751 551 1810 bello
566 1770 656 1827 quum
671 1751 760 1827 longa
774 1751 912 1809 cohortes

177 1843 328 1921 Explicuit
346 1845 436 1923 legio,
453 1853 483 1903 et
497 1864 602 1922 campo
616 1845 696 1902 stetit
710 1863 817 1922 agmen
832 1853 946 1922 aperto,
1103 1846 1163 1904 980

177 1935 371 2014 Directaeque
387 1938 478 2009 acies,
495 1958 531 1996 ac
545 1938 605 1996 latb
619 1939 742 1996 fluctuat
760 1938 855 1996 omnis

177 2031 257 2089 AEra
271 2032 417 2090 renidenti
431 2032 520 2089 tellus
533 2051 540 2101 ;
565 2032 693 2090 necdum
706 2032 826 2089 horrida
840 2032 965 2090 miscent

177 2124 301 2196 Proelia,
317 2124 369 2182 sed
384 2125 491 2184 dubius
506 2125 609 2183 madiis
623 2125 707 2183 Mers
722 2132 802 2183 errat
816 2125 845 2182 in
860 2124 970 2183 armis:

177 2216 287 2275 Omnia
300 2219 358 2275 sint
372 2220 492 2295 paribus
506 2218 638 2276 numeris
651 2218 784 2275 dimensa
799 2218 912 2276 viarum
928 2236 936 2286 ;
952 2251 954 2255 1

177 2308 206 2367 N
209 2329 247 2368 on
261 2311 390 2367 animum
404 2309 490 2367 modb
505 2310 548 2368 uti
563 2319 666 2387 pascat
680 2319 855 2387 prospectus
869 2311 998 2383 inanem,
1101 2312 1161 2370 285

178 2402 237 2460 Sed
254 2404 324 2478 quia
338 2423 396 2461 non
411 2403 499 2460 aliter
513 2404 591 2461 vires
604 2403 685 2460 dabit
699 2404 835 2460 omnibus
849 2423 952 2479 aequas

177 2496 285 2566 Terra,
301 2515 399 2572 nequa
413 2496 443 2553 in
457 2514 584 2554 vacuum
599 2504 736 2573 potarunt
750 2515 783 2553 sa
797 2497 958 2556 extendere
971 2498 1056 2559 rami.

216 2589 355 2647 Forsitan
370 2597 410 2659 et,
427 2589 582 2647 scrobibus
596 2607 663 2664 quas
678 2588 735 2646 sint
754 2589 883 2666 fastigia,
900 2609 1029 2667 queres.
1075 2629 1077 2632 -

178 2683 282 2741 Ausim
296 2681 344 2739 vel
357 2682 440 2740 tenui
452 2681 542 2740 vitem
554 2681 738 2739 committere
753 2682 845 2741 sulco.

177 2775 274 2834 Altior
288 2795 324 2833 ac
339 2774 456 2852 penitirs
469 2784 558 2834 terrra
572 2775 712 2851 defigitur
726 2777 814 2833 arbos
831 2795 838 2844 ;
1102 2777 1163 2834 290

177 2868 325 2928 AEsculus
340 2868 369 2926 in
384 2868 496 2945 primis,
513 2867 579 2944 quar
594 2867 735 2944 quantum
750 2869 863 2927 vertice
878 2869 915 2927 ad
930 2888 1021 2929 aures

177 2962 346 3031 AEtherias,
362 2960 474 3019 tantum
489 2961 590 3019 radice
605 2961 635 3018 in
648 2961 779 3019 Tartara
793 2963 895 3022 tendit.

176 3055 261 3133 Ergo
277 3075 336 3113 non
351 3055 463 3113 hiemes
477 3055 568 3127 illam,
585 3074 644 3113 uon
659 3055 764 3127 flabra,
780 3075 878 3132 neque
893 3056 1013 3129 imbres,

178 3147 380 3219 Convellunt3
405 3149 525 3207 immota
538 3157 648 3219 manet,
666 3150 832 3225 multosque
848 3159 983 3228 nepotes,

176 3241 273 3300 Multa
286 3239 381 3300 viriam
395 3242 517 3299 volvens
531 3240 665 3299 durando
680 3243 802 3314 saecula,
819 3243 909 3302 vincit
924 3262 931 3300 τ
1102 3245 1162 3302 295

176 3333 253 3391 Tum
268 3334 360 3391 sortes
374 3333 433 3390 latb
448 3351 547 3390 ramos
560 3341 589 3390 et
604 3335 728 3391 brachia
741 3336 866 3394 tendens

175 3427 248 3486 Huc
263 3428 344 3497 illuc,
361 3426 459 3484 medis
478 3427 544 3503 ipsa
557 3427 707 3515 ingentem
721 3430 846 3487 sustinet
861 3431 1003 3489 umbram.

215 3521 301 3579 Neve
315 3520 368 3578 tibi
382 3519 419 3577 ad
433 3520 527 3578 solem
540 3529 666 3598 vergant
680 3523 780 3580 vineta
794 3523 953 3582 cadentem
967 3542 975 3595 3

176 3613 262 3673 Neve
277 3613 444 3672 intersitas
458 3614 591 3691 corylum
603 3634 691 3684 sere;
714 3634 790 3673 neve
805 3615 926 3694 flagella

177 3710 297 3766 Summa
311 3715 390 3783 pete,
407 3715 458 3766 aut
472 3706 588 3766 summi
601 3708 751 3785 destringe
766 3728 804 3766 ex
818 3711 926 3767 arbore
940 3711 1057 3788 plantas
1071 3730 1080 3784 3
1103 3713 1163 3772 ³00

175 3800 292 3858 Tantus
307 3819 390 3858 amor
404 3809 491 3860 terrae
508 3804 515 3859 !
536 3820 594 3859 neu
609 3801 688 3859 ferro
702 3801 777 3859 laede
793 3811 893 3860 retuso

177 3894 296 3952 Semina
312 3913 320 3963 ;
344 3914 419 3953 neve
434 3896 507 3953 oleae
523 3895 673 3953 silvestres
688 3895 788 3953 insere
801 3905 924 3955 truncos
939 3917 947 3954 t

176 3988 204 4045 N
207 4006 254 4045 am
269 3988 348 4065 saepd
364 3989 491 4046 incautis
506 3987 673 4066 pastoribus
687 3989 797 4048 excidit
811 3990 899 4067 ignis,

176 4079 247 4153 Qui,
265 4081 364 4141 furtim
377 4081 480 4159 pingui
493 4081 619 4158 primbm
632 4083 687 4139 sub
702 4083 814 4141 cortice
828 4091 938 4156 tectus,

175 4173 299 4236 Robora
312 4176 504 4255 comprendit,
520 4176 700 4253 frondesque
715 4176 835 4254 elapsus
849 4177 879 4235 in
893 4177 969 4238 ultas
1101 4181 1161 4240 ³06
