2692 5122
128 346 132 359 .
209 332 265 388 150
493 326 519 372 P.
536 326 705 375 VIRGlLIl
726 327 899 376 menonis

205 465 336 525 Nescius
353 483 361 534 ;
382 437 435 522 illa
449 463 522 544 lugd
540 465 630 524 silvas
644 467 797 543 saltusque
813 473 954 545 peragrat

205 559 340 618 Dictaeos
357 578 364 626 ;
388 559 481 616 haeret
496 559 583 617 lateri
603 559 700 617 letalis
715 559 836 618 arundo.

172 653 295 713 fNunc
309 651 407 709 media
422 651 541 709 AEnean
556 671 658 710 secum
674 672 726 730 per
739 653 850 711 moenia
862 652 954 723 ducit,

170 746 402 821 “bidoniasque
417 753 546 802 ostentat
560 764 643 822 opes,
661 747 823 823 urbemque
838 754 991 824 paratam:
1152 744 1193 801 75

205 838 312 916 Incipit
326 837 422 909 effari,
438 836 597 913 mediisque
612 838 642 895 in
656 857 730 896 voce
745 839 864 898 resistit.

204 934 234 994 N
237 954 295 992 unc
309 933 425 1004 eadem,
442 933 562 991 labente
577 933 635 1005 die,
651 934 788 991 convivia
802 935 918 1010 quaerit,

205 1026 376 1102 iliacosque
393 1026 499 1083 iterum
514 1025 637 1083 demens
653 1026 755 1083 audire
770 1027 890 1085 labores

204 1120 359 1197 Exposuit,
376 1118 544 1196 pendetque
558 1118 664 1176 iterum
679 1120 828 1177 narrantis
842 1122 880 1178 ab
896 1139 957 1178 ore.

205 1212 288 1285 Ptst,
305 1213 355 1271 ubi
374 1212 512 1290 digressi,
528 1212 688 1287 lumenque
703 1213 832 1270 obscura
846 1213 976 1270 vicissim
1154 1214 1194 1270 00

205 1308 293 1371 Luna
311 1309 428 1387 premit,
444 1307 631 1385 suadentque
646 1308 784 1366 cadentia
798 1308 898 1367 sidera
912 1328 1041 1382 somnos,
1064 1335 1107 1397 s

206 1406 277 1464 Sola
289 1405 375 1462 domo
390 1410 495 1462 moeret
510 1400 619 1473 vacui,
635 1403 795 1479 stratisque
817 1404 929 1461 relictis

205 1498 332 1558 incubat
346 1517 352 1554 :
376 1496 457 1555 illum
472 1498 583 1554 absens
597 1498 751 1555 absentem
766 1497 907 1572 auditque
921 1496 1071 1573 ridetque.

175 1657 178 1661 ⁷
193 1593 266 1667 *Aut
279 1591 393 1669 gremio
408 1589 583 1660 Ascanium,
599 1589 743 1667 genitoris
758 1591 886 1668 imagine
901 1599 999 1668 capta,

203 1684 339 1756 Detinet,
356 1682 506 1741 infandum
520 1683 545 1740 si
559 1683 663 1740 fallere
679 1684 771 1760 possit
787 1703 928 1742 amorem.
1155 1683 1195 1742 ab

204 1780 274 1840 Non
289 1786 395 1855 coeptae
411 1784 570 1855 assurgunt
583 1785 703 1846 turres3
727 1797 786 1835 non
801 1797 883 1835 arma
900 1777 1041 1853 juventus
1199 1796 1239 1837 rr·-

204 1872 337 1933 Exercet
351 1891 359 1940 ;
383 1879 534 1948 portusve,
551 1879 602 1928 aut
617 1873 842 1948 propugnacula
855 1872 935 1929 bello
1029 1924 1034 1932 .

206 1965 285 2025 Tuta
299 1973 424 2043 parant:
448 1963 576 2041 pendent
589 1982 681 2041 opera
695 1964 871 2041 interrupta,
886 1965 1034 2041 minaeque

204 2059 361 2120 Mororum
375 2059 522 2136 ingentes,
539 2070 716 2134 aequataque
730 2059 868 2116 maehina
882 2058 970 2117 coelo.

245 2155 345 2222 Quam
358 2152 443 2210 simul
459 2172 494 2210 ac
508 2152 561 2209 tali
575 2153 722 2229 persensit
738 2161 820 2230 peste
834 2152 930 2210 teneri
1155 2150 1196 2209 90
1251 2208 1256 2217 ,

1323 1828 1344 1887 l

206 2248 290 2308 Cara
301 2248 388 2306 Jovis
402 2246 521 2321 conjux,
537 2265 595 2303 nec
610 2245 718 2303 samam
732 2249 851 2304 obstare
867 2245 957 2304 furori
971 2263 979 2316 ;

205 2343 331 2401 Talibus
346 2339 521 2419 aggreditur
533 2339 686 2397 Venerem
701 2341 841 2397 Saturnia
855 2339 941 2398 dictis
955 2357 962 2396 :

204 2436 369 2514 Egregium
384 2432 455 2492 verb
470 2433 589 2490 laudem
603 2441 632 2490 et
647 2433 741 2510 spolia
756 2434 853 2511 ampla
867 2432 986 2491 refertis

205 2529 314 2604 Tuque
330 2545 463 2604 puerque
477 2534 547 2583 tuus
560 2545 568 2595 ;
590 2545 730 2604 magnum
744 2534 774 2583 et
788 2526 977 2584 memorabile
993 2541 1111 2598 nomen,
1258 2528 1298 2613 lg

205 2620 274 2680 Una
288 2621 355 2678 dolo
369 2616 467 2676 divrim
482 2620 507 2676 si
521 2619 644 2677 soemina
659 2619 738 2677 victa
752 2619 877 2677 duorum
891 2626 935 2677 est
952 2621 959 2676 !
1155 2619 1194 2675 95

205 2716 273 2775 Nec
287 2735 333 2772 me
349 2712 423 2771 eded
439 2713 523 2784 fallit,
540 2714 663 2771 veritam
678 2721 707 2770 te
722 2713 831 2770 moenia
845 2721 957 2784 nostre,

31 2848 192 2869 s..
206 2810 367 2885 Suspectus
381 2806 521 2865 habuisse
536 2807 639 2864 domos
653 2805 847 2882 Carthaginis
862 2805 940 2865 altae.
977 2824 1109 2849 ν’*

99 2974 105 2989 .
206 2903 264 2961 Sed
280 2903 345 2979 quis
360 2903 416 2960 erit
430 2902 534 2960 modus
550 2901 560 2957 ?
582 2910 633 2959 aut
648 2899 706 2978 qud
721 2919 800 2957 nunc
814 2902 979 2958 certamina
992 2907 1075 2959 tanta
1091 2898 1102 2956 l

206 2995 287 3064 Quin
302 2996 398 3074 potiits
412 3016 518 3074 pacem
533 3003 674 3055 aeternam
689 3002 851 3070 pactosque
866 2994 1039 3070 hymeneos

203 3089 391 3148 Exercemus
407 3090 417 3146 ἲ
438 3090 542 3157 habes,
559 3086 623 3147 total
637 3086 714 3163 quod
729 3095 827 3144 mente
842 3085 963 3164 petisti:
1137 3087 1195 3144 100

203 3184 298 3242 Ardet
316 3203 418 3242 amans
432 3182 523 3253 Dido,
539 3182 687 3257 traxitque
703 3199 755 3257 per
769 3199 838 3237 ossa
853 3180 1008 3241 furorem.¹
1080 3227 1085 3237 .

206 3274 402 3335 Communem
416 3275 495 3332 bunc
510 3293 582 3352 crgo
598 3273 736 3351 populum
751 3273 931 3350 paribusque
946 3291 1087 3352 regamus

204 3367 376 3444 Auspiciis:
400 3367 489 3424 liceat
504 3366 635 3442 Phrygio
650 3367 763 3423 servire
778 3367 893 3436 marito,

203 3458 391 3535 Dotalesque
406 3467 465 3515 ture
478 3458 588 3535 Tyrios
607 3459 777 3534 permittere
792 3459 914 3519 dextrae.

245 3552 305 3611 Olli
321 3551 427 3628 (sensit
441 3550 519 3608 enim
533 3549 672 3610 simulatis
685 3559 782 3609 mente
796 3553 937 3624 locutam,
1136 3553 1194 3611 105

206 3645 276 3713 Quo
292 3663 415 3722 regnum
431 3643 524 3702 ltaliae
538 3643 672 3722 Libycas
686 3653 835 3704 averteret
849 3648 932 3723 oras)

206 3739 256 3798 Sic
271 3738 373 3797 contri
387 3747 432 3796 est
447 3739 584 3817 ingressa
598 3736 703 3797 Venus
718 3759 725 3796 ι
748 3736 825 3811 Quis
838 3739 909 3797 talia
923 3739 1045 3799 demens

205 3834 336 3902 Abnuat,
353 3840 403 3889 aut
417 3840 517 3890 tecum
530 3833 612 3892 malit
626 3834 808 3892 contendere
823 3833 900 3892 bello
918 3835 928 3890 ?

206 3925 237 3985 Si
251 3924 348 3995 modd,
364 3926 441 4001 quod
456 3946 612 4000 memoras,
629 3928 740 3986 sactum
753 3929 871 3986 sortnna
885 3935 1037 4006 sequatur.

205 4016 264 4077 Sed
279 4017 346 4075 satis
360 4018 475 4077 incerta
489 4020 578 4094 seror,
595 4023 621 4080 si
634 4023 753 4100 Jupiter
767 4041 855 4079 unam
1136 4023 1195 4080 110

203 4110 282 4172 Esse
297 4111 367 4170 velit
380 4111 482 4190 Tyriis
496 4115 599 4175 urbem
612 4114 766 4193 Trojzlque
780 4114 931 4194 prosectis,
