2692 5122
190 402 252 464 250
375 404 383 420 1
482 397 509 444 r.
530 395 698 444 vincturi
720 390 893 446 nunonis

190 538 435 615 Pandentemque
450 537 543 608 sinus,
559 544 590 595 et
602 535 667 595 total
680 544 763 595 veste
777 544 933 596 vocantem

192 635 364 696 Caeruleum
379 633 410 691 in
424 632 569 711 gremium
585 632 797 708 latebrosaque
812 630 935 688 flumina
949 627 1053 689 victos.

85 775 89 782 ,
189 732 231 788 At
246 729 362 798 Caesar,
378 725 487 803 triplici
501 726 638 783 invectus
651 723 790 782 Romm
803 724 951 802 triumpho

189 822 316 896 Moenia,
332 820 378 879 dis
392 819 477 877 Italis
491 829 591 877 votum
605 818 771 885 immortale
785 820 936 891 sacrabat,
1020 808 1025 817 ’

190 918 324 976 Maxima
337 926 384 974 ter
397 923 518 973 centum
531 923 624 973 totam
639 913 765 972 delubra
778 933 833 992 per
846 915 959 974 urbem.

190 1009 312 1071 Laetitia
328 1009 465 1085 ludisque
480 1009 536 1067 riae
551 1009 718 1086 plausuque
735 1008 902 1068 fremebant
917 1027 925 1066 t

190 1104 335 1164 Omnibus
349 1104 379 1162 in
392 1102 509 1180 templis
523 1110 650 1161 matrum
664 1102 784 1174 chorus,
800 1103 937 1162 omnibus
951 1122 1012 1165 arm
1027 1123 1036 1175 ς

189 1199 269 1256 Ante
284 1216 352 1255 aras
366 1205 476 1254 terram
490 1196 562 1254 oaesi
576 1194 712 1256 stravere
723 1196 855 1272 juvenci.

190 1290 270 1369 lpse,
287 1290 396 1349 sedens
410 1289 498 1348 niveo
512 1289 667 1348 candentis
681 1290 781 1348 limine
794 1290 914 1362 Phoebi,

188 1383 279 1444 Dona
292 1385 482 1463 recognoscit
496 1384 680 1461 populorum,
698 1392 839 1462 aptatque
854 1385 995 1462 superbis

188 1476 349 1537 Postibus:
372 1478 513 1536 incedunt
528 1479 615 1536 victae
628 1479 719 1557 longo
732 1477 835 1536 ordine
850 1487 967 1557 gentes,

190 1570 292 1640 Quam
306 1572 397 1630 variae
411 1571 531 1649 linguis,
547 1572 650 1629 habitu
664 1579 725 1629 tarn
739 1573 831 1629 vestis
845 1580 874 1631 et
888 1573 988 1632 armis.

189 1664 253 1724 Hic
268 1665 435 1724 Nomadum
449 1684 545 1742 genus
559 1673 588 1722 et
602 1664 763 1723 discinctos
780 1665 931 1724 Mulciber
944 1667 1045 1740 Afros,

188 1757 252 1818 Hic
266 1759 407 1836 Lelegas,
424 1756 594 1835 Carasque,
611 1758 852 1837 sagittiferosque
866 1760 1012 1832 Gelonos,

189 1853 341 1911 Finierat.
384 1851 556 1928 Euphrates
570 1852 631 1909 ibat
642 1852 705 1928 jam
719 1853 834 1910 mollior
848 1853 945 1925 undis,

187 1947 381 2024 Extremique
396 1947 546 2005 hominum
559 1947 678 2019 Morini,
695 1948 881 2027 Rhenusque
896 1949 1036 2022 bicornis,

188 2041 384 2118 Indomitique
399 2039 508 2112 Dahas,
525 2050 554 2098 et
569 2048 687 2119 pontem
703 2041 874 2120 indignatus
887 2042 1016 2103 Araxes.

189 2134 276 2193 Talia
291 2154 343 2212 per
357 2136 496 2212 clypeum
509 2134 651 2207 Vulcani,
667 2135 745 2193 dona
759 2137 899 2213 parentis,

187 2225 325 2299 Miratur,
343 2247 503 2305 rerumque
518 2228 641 2306 ignarus
655 2229 785 2307 imagine
801 2228 924 2308 gaudet,

186 2320 335 2378 Attollens
348 2322 472 2380 humero
486 2320 653 2398 famamque
668 2328 697 2379 et
713 2322 773 2380 fata
787 2333 935 2401 nepotum.

566 2550 799 2561 ——..-

530 2728 838 2802 AENEIDOS

546 2904 800 2966 meaulx.

182 3063 294 3129 Arous
309 3081 346 3120 ea
360 3061 481 3122 diversi
494 3064 611 3142 penitius
626 3065 694 3123 dum
709 3074 791 3142 parte
806 3074 962 3142 geruntur,

182 3155 253 3214 Irim
268 3157 304 3214 de
319 3158 397 3215 coelo
413 3158 490 3215 misit
505 3159 646 3217 Saturnia
659 3160 679 3218 J
682 3179 740 3217 uno

181 3248 338 3307 Audacem
354 3250 390 3306 ad
405 3252 548 3310 Turnum.
590 3253 676 3311 Luco
690 3266 752 3311 turn
766 3251 840 3310 forte
856 3252 989 3330 parentis

180 3340 308 3400 Pilumni
322 3344 444 3401 Turnus
459 3345 581 3404 sacrati
595 3348 671 3405 valle
686 3345 819 3405 sedebat.

179 3432 228 3492 Ad
245 3455 332 3512 quem
347 3436 390 3494 sic
404 3456 492 3494 roseo
505 3438 723 3498 Thaumantias
737 3460 788 3497 ore
807 3440 907 3498 locuta
921 3448 966 3499 est
981 3459 989 3498 τ
1148 3441 1169 3500 d

218 3529 333 3601 Turne,
351 3531 429 3606 quod
443 3534 554 3609 optanti
569 3533 667 3592 divdm
681 3535 852 3612 promittere
866 3555 953 3594 nemo

178 3621 322 3694 Auderct‚
340 3624 484 3683 volvenda
499 3627 573 3698 dies,
590 3647 638 3699 en,
656 3629 752 3687 attulit
767 3630 864 3687 ultro:

178 3716 307 3787 AEneas‚
324 3719 408 3789 urbe,
425 3729 454 3777 et
469 3720 568 3792 sociis,
585 3730 615 3780 ot
630 3724 726 3780 classe
741 3724 858 3796 relicti,

178 3808 303 3886 Sceptra
316 3810 443 3870 Palatini
459 3813 619 3891 sedemque
635 3818 707 3893 pctit
724 3817 864 3879 Evandri.

89 3966 91 3970 ,
177 3900 244 3960 Nec
257 3904 330 3962 satis
347 3924 353 3961 :
377 3913 525 3966 extremas
540 3907 666 3986 Corythi
681 3913 846 3987 penetravit
862 3914 899 3970 ad
914 3912 1028 3982 urbes;
1131 3910 1167 3972 10

175 3992 388 4075 Lydorumque
402 4020 531 4073 manum,
549 4002 691 4060 collectos
706 4014 800 4062 armat
819 4015 965 4084 agrestes.

176 4085 257 4155 Quid
272 4089 388 4150 dubitas
403 4094 413 4148 Ρ
435 4114 514 4152 nunc
528 4104 644 4172 tempus
659 4115 762 4172 equos,
781 4119 860 4158 niinc
873 4118 1000 4177 poscere
1015 4116 1144 4160 currus:

175 4179 293 4263 Rumpe
306 4204 406 4247 moras
420 4207 534 4263 omnes,
549 4197 579 4248 et
591 4191 713 4249 turbata
726 4192 825 4269 arripe
839 4201 949 4254 castra.
