2692 5122
539 748 713 798 AENElDOS
733 751 802 799 ΜΒ.
816 751 837 800 1.

193 884 357 946 Ominibus.
402 885 460 947 Sed
475 906 570 967 regna
583 889 659 967 Tyri
672 909 834 969 germanus
851 891 982 953 habebat

193 979 379 1057 Pygmalion,
396 981 512 1040 scelere
527 992 597 1041 ante
612 983 686 1041 alios
700 985 855 1044 immanior
868 1006 988 1077 omneqp

194 1072 279 1140 Quos
292 1074 370 1133 inter
383 1075 498 1134 medius
512 1078 592 1135 venit
606 1078 708 1136 suror:
731 1079 780 1136 ille
795 1080 954 1156 Sychaeum

194 1165 304 1245 Impius
319 1178 388 1227 ante
402 1188 482 1242 aras,
499 1180 588 1247 atque
603 1173 667 1230 auri
682 1191 783 1231 caecus
797 1192 908 1246 amore,

193 1259 281 1320 Clam
295 1261 374 1321 ferro
389 1264 543 1322 incautum
555 1274 689 1343 superat,
704 1285 831 1325 securus
845 1286 979 1326 amorum
1122 1270 1183 1329 860

192 1353 375 1425 Germanas;
399 1356 570 1435 factumque
585 1358 634 1417 diu
649 1359 767 1431 celavit,
783 1370 813 1418 et
827 1380 950 1440 egram,

191 1446 290 1507 Multa
304 1451 399 1508 malus
413 1452 566 1525 simulans,
583 1453 660 1511 vani
673 1473 726 1531 spe
741 1454 811 1512 lusit
824 1464 973 1513 amantem

193 1541 264 1621 Ipsa
277 1543 329 1601 sed
345 1544 374 1601 in
389 1546 499 1603 somnis
514 1546 658 1605 inhumati
672 1548 751 1605 venit
768 1548 866 1626 imago
966 1499 999 1630 1

192 1634 351 1717 Conjugis,
367 1657 422 1696 ora
436 1639 530 1698 modis
544 1641 683 1699 attollens
697 1641 808 1719 pallida
821 1641 903 1701 miris
910 1660 924 1728 j

193 1728 342 1789 Crudeles
357 1751 426 1789 aras
440 1734 626 1811 trajectaque
641 1744 764 1813 pectora
778 1735 858 1793 ferro

193 1822 222 1883 N
225 1824 336 1896 udavit,
351 1845 525 1903 caecumque
541 1825 645 1885 domins
659 1829 759 1887 scelus
772 1848 860 1887 omne
874 1828 990 1888 retexit.

192 1915 270 1975 Tum
285 1917 420 1976 celerare
435 1918 536 1997 sugam
551 1921 706 1998 patriique
720 1921 870 1980 excedere
883 1921 1001 1996 suadet,

191 2009 403 2088 Auxiliumque
417 2012 472 2070 vie
487 2022 605 2071 veteres
618 2015 725 2073 tellure
739 2015 866 2074 recludit

191 2101 400 2175 Thesauros,
392 2123 422 2182 ig
405 2113 525 2162 ‹rnotum
539 2107 654 2184 argenti
669 2107 828 2184 ponduset
843 2106 918 2167 auri.

194 2193 253 2252 His
266 2206 423 2269 commota,
440 2196 541 2275 sugam
554 2199 635 2257 Dido
649 2200 808 2276 sociosque
824 2202 1000 2363 parab*

195 2287 395 2362 Conveniunt,
413 2293 520 2368 quibus
534 2301 585 2350 aut
600 2293 699 2351 odium
717 2294 840 2351 crudele
854 2301 921 2369 tyra

193 2382 254 2440 Aut
269 2392 364 2441 metus
379 2403 451 2443 acer
464 2392 551 2453 erat;
575 2403 678 2456 naves,
695 2405 762 2461 qum
777 2385 852 2442 sorte
868 2393 991 2489 paratas,

195 2474 377 2554 corripiunt,
395 2487 580 2553 onerantque
594 2497 669 2536 auro
685 2498 692 2548 ς
716 2486 872 2556 portantur
886 2477 970 2535 avari

193 2569 397 2648 Pygmalionis
412 2590 484 2649 opes
498 2571 624 2650 pelago:
647 2571 706 2629 dux
721 2571 843 2630 soemina
857 2570 964 2679 sacti,

193 2661 354 2723 Devendre
369 2664 462 2736 locos,
480 2665 530 2723 ubi
544 2684 623 2723 nunc
637 2665 892 2749 ingentiaeernes

194 2755 318 2828 Maenia,
335 2766 566 2835 surgentemque
582 2778 666 2816 novae
682 2758 877 2836 Carthaginis
892 2776 1015 2817 arcem:

193 2847 382 2926 Mercatique
397 2851 502 2921 solum,
520 2852 592 2908 sacti
605 2851 642 2909 de
657 2853 774 2909 nornine
789 2851 926 2927 Byrsam,

193 2942 327 3001 Taurino
343 2945 483 3021 quantiam
498 2954 619 3023 possent
633 2945 821 3004 circumdare
835 2954 954 3032 tergo„

195 3038 254 3097 Sed
267 3057 321 3096 vos
336 3039 386 3116 qui
399 3039 529 3111 tandem,
547 3040 654 3116 quibus
668 3049 719 3098 aut
734 3039 857 3098 venistis
871 3041 909 3097 ab
924 3039 995 3112 oris,

195 3130 302 3199 Qudne
316 3133 424 3190 tenetis
438 3133 494 3190 iter
508 3132 519 3189 l
542 3133 698 3200 Quaerenti
711 3134 822 3191 talibus
836 3132 886 3190 ille

195 3226 366 3303 suspirans,
382 3226 499 3303 imoque
513 3227 636 3284 trahens
650 3235 802 3303 spectare
817 3244 943 3284 vocem:

233 3319 262 3378 Ο
275 3319 343 3391 dea,
359 3320 384 3378 si
399 3319 494 3397 primii
507 3329 647 3397 repetens
661 3320 698 3376 ab
713 3319 827 3396 origine
842 3337 977 3396 pergam,

194 3413 235 3472 Et
251 3421 337 3471 vacet
352 3413 475 3471 annales
489 3421 657 3470 nostrorum
672 3410 776 3469 audire
791 3410 937 3481 laborum,

194 3506 273 3567 Antis
288 3507 366 3565 diem
379 3507 483 3565 clauso
497 3516 653 3581 componet
667 3504 787 3580 Vesper
800 3503 939 3579 Olympo.

195 3600 271 3672 Nos,
287 3599 382 3676 Trojd
401 3596 535 3674 antiqui,
552 3599 577 3654 si
592 3605 707 3655 vestras
722 3595 796 3653 sortd
811 3614 866 3674 per
880 3613 953 3653 aure

195 3693 296 3769 Trojae
315 3712 421 3751 nomen
436 3692 479 3762 iit,
493 3691 614 3748 diversa
628 3708 681 3767 per
695 3708 817 3767 equora
831 3697 945 3761 vectos,

194 3787 287 3847 Forte
302 3785 359 3845 sui
371 3786 495 3864 Libycis
508 3792 669 3862 tempestas
683 3782 796 3860 appulit
809 3782 871 3841 oris

196 3882 269 3940 Sum
282 3881 347 3959 pius
360 3881 491 3951 AEneas,
508 3891 608 3958 raptos
624 3877 674 3954 qui
688 3896 726 3935 ex
739 3877 805 3934 host
837 3875 863 3935 P
904 3885 969 3935 ates

194 3974 304 4034 Classe
320 3974 395 4031 veho
409 3991 535 4042 mecum,
550 3970 629 4030 sami
643 3990 733 4048 super
747 3972 804 4029 aeth
826 3989 860 4027 ra
874 3978 971 4029 notus.

194 4066 312 4126 Italiam
328 4086 430 4143 quero
444 4066 580 4143 patriam,
597 4084 694 4143 genus
708 4065 746 4121 ab
759 4063 836 4121 Jove
851 4081 974 4121 summo.

194 4160 248 4220 Bis
261 4160 345 4218 denis
358 4160 523 4236 Phrygium
537 4158 698 4217 conscendi
712 4157 838 4215 navibus
853 4175 966 4231 equor,
1056 4198 1063 4215 .

194 4253 294 4313 Matre
308 4252 367 4312 ded
380 4259 561 4311 monstrante
577 4252 664 4322 viam,
680 4251 752 4308 data
764 4251 826 4308 sata
840 4257 963 4308 secutus
977 4268 985 4320 ;

194 4347 254 4405 vix
268 4355 382 4425 septem
396 4346 547 4406 convulsis
562 4345 648 4403 undis
661 4345 804 4421 Euroque
818 4352 979 4421 supersunt

194 4440 264 4518 lpse
280 4441 409 4519 ignotus,
425 4459 529 4517 egens,
545 4438 649 4515 Libyae
663 4437 784 4495 deserta
798 4456 935 4514 peragro,
968 4381 1008 4503 ‘i

194 4533 321 4612 Europa
335 4543 425 4610 atque
439 4532 517 4592 Asia
529 4533 641 4611 pulsus.
682 4531 711 4590 N
713 4551 749 4589 ec
763 4531 848 4608 plura
864 4536 1039 4607 querentem
1126 4528 1186 4587 886

193 4629 294 4691 Passa
305 4630 419 4702 Venus,
434 4630 532 4689 medio
545 4629 589 4689 sie
603 4628 742 4687 interfata
754 4627 856 4685 dolore
870 4633 937 4684 est:

1039 4775 1206 4907 <3ss
1188 4744 1317 4875 ’.Ἴ-39»
