2692 5122
165 378 214 443 *Q
458 381 486 429 Ρ.
507 382 675 430 vrauiun
693 381 867 430 Mauortis

172 517 213 578 Et
227 518 305 576 soliis
318 518 413 577 lentas
427 520 561 578 intexere
575 521 712 578 mollibus
726 521 837 579 hastas.

172 610 251 670 Vitis
265 620 296 670 ut
311 613 466 670 arboribus
479 612 581 671 decori
594 622 649 682 est,
665 622 696 672 ut
709 615 818 671 vitibus
832 631 908 684 uvoe,

171 703 212 763 Ut
225 705 369 782 gregibus
381 707 472 776 tauri,
488 715 608 783 segetes
623 715 654 766 ut
669 708 829 785 pinguibus
843 706 943 775 arris3

166 794 219 854 Tu
235 797 327 856 decus
341 816 427 856 omne
441 799 508 857 tuis.
552 799 712 876 Postquam
726 813 756 858 te
770 798 832 857 fata
844 800 987 870 tulerunt,

172 887 243 966 Ipsa
255 890 346 948 Pales
359 909 459 969 agros,
477 902 567 968 atque
581 892 643 969 ipse
658 893 776 969 reliquit
790 893 906 969 Apollo,
1116 892 1157 950 86

170 981 306 1041 Grandia
319 984 399 1060 saepd
415 986 522 1060 quibua
536 985 738 1044 mandavimus
752 986 863 1043 hordea
876 986 979 1058 sulcia,

170 1072 276 1133 Infelix
291 1076 389 1135 lolium
405 1087 434 1135 et
448 1078 565 1136 steriles
580 1089 742 1137 naseuntur
755 1098 858 1137 avenes
873 1098 880 1136 :

168 1165 229 1226 Pro
243 1169 323 1227 molli
337 1169 427 1241 violi,
444 1191 497 1247 pro
512 1172 661 1248 purpureo
674 1173 819 1241 narcisso,

170 1259 310 1320 Carduus
323 1271 352 1321 et
366 1263 458 1340 spinis
472 1265 568 1341 surgit
583 1265 715 1340 paliurus
730 1264 835 1323 acutis.

209 1355 346 1433 Spargite
360 1355 481 1414 humum
496 1357 583 1428 soliis,
599 1357 729 1415 inducite
744 1357 1016 1430 sontibusumbras,
1115 1360 1155 1417 40

167 1443 330 1509 Pastores:
347 1449 468 1507 mandat
482 1451 546 1508 fieri
560 1451 617 1508 sibi
630 1451 705 1507 talia
719 1449 864 1526 Daphnis.

167 1537 208 1598 Et
222 1542 364 1599 tumulum
379 1542 479 1613 facite,
498 1554 527 1600 et
541 1542 654 1600 tumulo
667 1542 856 1619 superaddite
870 1561 990 1600 carmen
1005 1561 1013 1599 ε

171 1631 339 1711 “Daphnis
352 1653 410 1711 ego
424 1635 453 1692 in
469 1620 561 1704 silvis,¹
576 1634 645 1692 hino
660 1653 754 1710 usque
770 1634 807 1691 ad
821 1634 920 1692 sidera
934 1644 1032 1707 notus,

167 1722 305 1784 Formosi
319 1727 436 1804 peeoris
450 1734 563 1798 custos,
578 1726 734 1785 formosior
747 1727 846 1804 ipse.''

569 1902 745 1942 MENALCAS.

165 2005 242 2065 Tale
255 2017 339 2067 tuum
353 2026 474 2066 carmen
488 2007 583 2078 nobis,
600 2007 698 2065 divine
713 2007 811 2084 posita,
1113 2009 1152 2066 45

166 2098 265 2166 Quale
280 2121 369 2179 sopor
382 2101 470 2158 fessis
483 2101 513 2158 in
528 2100 673 2177 gramine,
690 2100 777 2175 quale
793 2118 846 2176 per
859 2106 963 2157 aestum

165 2190 273 2250 Dulcis
287 2213 373 2270 aquas
388 2192 513 2252 saliente
528 2193 605 2251 sitim
620 2192 805 2269 restinguere
820 2192 891 2250 rivo.

164 2284 231 2344 Nec
246 2286 369 2344 calamis
383 2286 476 2343 solum
491 2286 670 2361 aequiparas,
686 2285 739 2341 sed
754 2303 838 2355 voce,
855 2285 1027 2362 magistrum
1040 2303 1049 2356 ς

163 2374 330 2435 Fortunate
345 2396 428 2454 puer,
443 2384 475 2433 tu
491 2395 569 2434 nuno
584 2377 644 2433 eris
658 2377 735 2434 alter
748 2379 786 2434 ab
801 2376 859 2434 illo.

164 2471 193 2531 N
196 2491 229 2528 os
242 2480 341 2529 tamen
355 2471 419 2529 brea
435 2490 622 2547 quocumque
636 2471 722 2528 modo
736 2472 787 2529 tibi
803 2479 904 2529 nostra
916 2472 1047 2532 vicissim
1111 2477 1151 2534 50

164 2562 320 2634 Dicemus,
334 2563 536 2641 Daphninque
550 2573 632 2621 tuum
646 2562 783 2622 tollemus
798 2564 834 2622 ad
849 2574 950 2634 astra3

164 2656 304 2734 Daphnin
319 2657 356 2715 ad
369 2666 451 2716 astra
463 2656 595 2715 feremus
608 2676 615 2714 :
631 2658 741 2715 amavit
754 2678 808 2716 nos
822 2677 944 2735 quoque
954 2659 1101 2738 Daphnis.

596 2831 725 2872 Morsus.

163 2937 212 2996 An
227 2936 387 3014 quidquam
401 2936 486 2994 nobis
499 2936 549 2994 tali
564 2936 601 2993 sit
616 2956 738 2994 munere
753 2937 848 3013 majus
864 2938 874 2994 ?

163 3028 204 3089 Et
219 3051 292 3108 puer
305 3031 368 3107 ipse
383 3030 436 3087 fuit
451 3031 566 3087 cantari
580 3029 697 3106 dignus,
714 3039 744 3087 et
758 3031 815 3087 ista

162 3122 233 3215 Jain
247 3123 360 3201 pridem
373 3122 515 3180 Stimicon
529 3123 660 3180 laudavit
674 3123 808 3181 carmina
822 3123 918 3182 nobis.
1108 3125 1148 3183 ὃὸ

568 3312 741 3353 nausicaa.

163 3413 319 3474 Candidus
334 3413 482 3473 insuetum
496 3415 620 3473 miratur
632 3416 721 3473 limen
734 3416 863 3492 Olympi,

163 3508 224 3565 Sub
240 3508 423 3584 pedibusque
438 3507 517 3566 videt
531 3511 626 3566 nubes
639 3517 669 3565 et
683 3508 782 3565 sidera
795 3507 942 3585 Daphnis.

161 3599 245 3678 Ergo
260 3601 368 3659 alacris
382 3601 472 3659 silvas
486 3611 515 3659 et
530 3609 640 3660 austera
654 3620 725 3658 rura
738 3600 874 3677 voluptas

160 3690 306 3769 Panaque
319 3702 511 3772 pastoresque
525 3702 618 3764 tenet,
633 3693 833 3769 Dryadasque
848 3693 974 3770 puellas.

161 3786 228 3846 Neo
242 3787 329 3863 lupus
343 3788 463 3846 iusidias
478 3788 589 3866 pecori,
606 3805 661 3844 neo
675 3787 751 3844 retia
764 3787 862 3844 cervis
1107 3790 1147 3847 60

160 3876 230 3936 Ulla
243 3879 341 3937 dolum
356 3881 554 3938 meditantur:
577 3887 656 3938 amat
672 3881 766 3937 bonus
780 3880 841 3937 otia
854 3878 1001 3958 Daphnis.

43 4008 49 4016 -
160 3967 222 4047 Ipsi
237 3970 338 4030 laetitiis
351 3992 442 4032 voees
455 3973 493 4031 ad
508 3972 606 4031 sidera
615 3973 730 4048 jactant

160 4060 273 4121 Intonsi
286 4075 400 4125 montes
413 4086 421 4136 ;
445 4068 516 4145 ips·
526 4066 589 4142 jam
603 4067 736 4123 carmina
749 4084 849 4143 rupes,

159 4150 231 4233 Ipsa
243 4167 349 4216 sonant
362 4162 485 4219 arbusta
498 4176 505 4216 :
530 4164 551 4192 ‘⁶
564 4158 649 4230 deus,
664 4157 739 4216 deus
751 4158 812 4229 ille,
829 4157 971 4219 Menalca
986 4157 1026 4217 1⁹·
