2692 5122
512 830 687 879 AENEIDOS
707 832 776 879 ΗΒ.
791 832 826 879 ll.

182 968 271 1039 aaut
289 978 319 1028 te
323 989 401 1048 ,per
415 972 546 1048 Superos
560 980 590 1030 ct
604 973 726 1030 conseia
739 972 860 1030 numina
873 973 947 1044 reri,

180 1064 251 1135 Per,
267 1064 293 1122 si
307 1074 436 1141 quaest,
455 1084 521 1142 quar
535 1066 740 1123 restetadhuc
755 1067 927 1124 mortalibus
934 1084 1068 1173 usquam

182 1157 362 1216 Intemerata
382 1159 476 1230 fides,‹
466 1179 546 1229 ‹,oro
563 1160 704 1218 miserere
721 1161 856 1218 laborum

181 1251 369 1321 Tantorum3
393 1253 536 1310 miserere
550 1252 640 1311 animi
658 1272 716 1311 non
731 1254 823 1332 dignu
837 1256 967 1314 ferentis.

219 1346 279 1406 His
294 1348 433 1426 lacrymis
447 1350 536 1407 vitam
551 1349 665 1420 damus,
683 1352 947 1423 etmiserescimus
965 1353 1051 1413 ultro.
1112 1354 1167 1412 14³
1214 1343 1221 1351 ’

182 1440 249 1519 lpse
264 1442 328 1500 viro
342 1444 453 1520 primus
467 1443 600 1501 manicas
615 1452 704 1519 atque
720 1456 804 1503 arcta
818 1447 911 1503 levari

181 1533 290 1594 Vincla
306 1536 392 1612 jubet
406 1537 544 1594 Priamus
560 1557 567 1606 ;
592 1538 738 1614 dictisque
752 1540 793 1596 ita
809 1540 887 1598 satur
901 1541 1003 1599 amicis
1020 1559 1027 1598 τ

183 1629 325 1706 Quisquis
340 1650 383 1701 es,
401 1631 528 1689 amissos
541 1631 610 1697 hinc
627 1632 690 1707 jam
704 1634 880 1691 obliviscere
895 1635 1024 1705 Graios;

181 1723 292 1782 Noster
306 1724 365 1781 eris
378 1745 385 1793 3
406 1725 536 1800 mihique
551 1726 616 1783 haec
631 1725 848 1784 edissererem
863 1728 989 1805 roganti.

183 1816 250 1884 Quo
266 1818 370 1875 molem
385 1819 464 1876 hanc
477 1819 614 1881 immanis
627 1820 696 1896 equi
712 1816 842 1881 statuere
857 1822 867 1877 ?
884 1824 950 1898 quis
964 1830 1069 1879 auctor
1082 1821 1094 1878 l
1112 1820 1167 1880 150

182 1910 298 1978 Quidve
312 1920 414 1989 petunt
431 1912 442 1968 ?
465 1933 531 1989 quae
547 1913 652 1990 religio
669 1914 680 1969 ?
702 1923 752 1972 aut
767 1934 833 1991 quar
848 1914 985 1974 machina
1000 1915 1095 1974 belli?

181 2002 316 2064 Dixerat.
359 2005 424 2076 llle,
441 2006 515 2064 dolis
530 2007 692 2064 instructus
706 2016 735 2065 ct
750 2018 813 2066 arte
828 2008 969 2088 Pelasgia,

181 2098 303 2156 Sustulit
318 2107 423 2157 exutas
438 2100 542 2157 vinclis
557 2100 595 2158 ad
614 2101 713 2159 sidera
727 2103 859 2179 palmas:

180 2192 254 2266 Vos,
270 2197 374 2254 aetemi
393 2195 488 2274 ignes,
505 2204 533 2253 et
549 2216 607 2254 non
621 2198 759 2255 violabile
773 2208 903 2256 vestrum

180 2287 288 2347 'l'estor
301 2308 420 2360 numen,
437 2290 478 2347 ait
495 2308 502 2358 ;
527 2308 590 2359 vos,
607 2308 678 2360 aroe,
695 2309 841 2365 ensesque
857 2292 987 2363 nefandi,
1112 2292 1167 2351 155

181 2381 266 2449 Quos
279 2383 343 2460 fugi
358 2403 366 2451 ;
392 2384 472 2440 vitta
516 2402 532 2440 e
548 2380 645 2453 deirm,
664 2377 738 2458 quas
753 2383 848 2439 hostia
862 2384 943 2459 gessi
960 2403 967 2453 ;

179 2475 240 2534 Fas
255 2477 325 2534 milri
338 2403 634 2536 Graiossffsacrata
652 2476 803 2532 resolvere
820 2474 901 2550 jura,

179 2568 240 2627 Fas
254 2571 351 2628 odisse
366 2570 456 2640 viros,
475 2577 565 2645 atque
579 2570 678 2626 omnia
693 2569 770 2626 serre
785 2570 839 2626 sub
855 2587 954 2639 auras,
994 2632 1002 2643 ‚

180 2663 210 2720 Si
227 2684 285 2740 qua
301 2670 405 2741 tegunt
422 2683 429 2720 ε
451 2658 673 2739 teneor'pa'triae
689 2682 744 2720 nco
759 2663 875 2740 legibus
891 2664 967 2721 ullis.

177 2754 226 2815 ‘l'u
241 2758 327 2816 modd
343 2758 492 2835 promissis
506 2777 637 2829 maneas,
655 2766 832 2834 servataque
848 2778 961 2831 serves,
981 2826 999 2835 ,-

178 2850 282 2927 'l'roja,
299 2852 396 2922 iidem,
414 2852 438 2909 si
454 2871 525 2909 vera
540 2852 642 2922 ieram,
659 2853 683 2908 si
699 2866 808 2929 magna
821 2853 991 2929 rependam.

217 2946 322 3004 Omnis
337 2965 405 3022 spes
418 2944 569 3015 Ueserim,
586 2953 615 3002 ct
630 2946 724 3022 empti
735 2946 843 3003 fiducia
857 2947 928 3003 belli

176 3039 311 3098 Palladis
325 3039 441 3096 auxiliis
457 3058 575 3115 semper
588 3039 677 3097 stetit.
720 3038 833 3116 Impius
847 3059 884 3096 ex
901 3059 958 3114 quo

176 3133 312 3210 Tydides
326 3132 377 3189 sed
393 3132 481 3202 enim,
498 3133 705 3208 scelerumque
721 3133 855 3190 inventor
868 3132 1004 3209 Ulysses,

176 3226 285 3285 Fatale
301 3226 435 3303 aggressi
454 3239 573 3283 sacrato
589 3227 718 3283 avellere
732 3226 841 3303 templo

176 3320 355 3391 Palladium,
373 3319 459 3377 caesis
473 3339 595 3376 summae
611 3319 783 3376 custodibus
798 3319 888 3388 arcis,

177 3411 362 3491 Corripuere
377 3433 495 3471 sacram
509 3412 649 3488 effigiem,
666 3412 862 3485 manibusque
878 3410 1009 3468 cruentis

176 3506 341 3584 Virgincas
355 3507 420 3564 ausi
435 3506 511 3563 divm
526 3504 699 3587 contingere
716 3505 804 3560 vittas
820 3522 827 3571 3

176 3598 228 3659 Ex
248 3601 296 3658 illo
311 3600 403 3658 liuere
419 3612 454 3656 ac
469 3607 549 3657 rctro
564 3599 705 3675 sublapsa
719 3597 825 3673 referri

178 3695 255 3769 Spes
269 3690 420 3763 Danaum,
437 3692 540 3749 srsctae
554 3692 644 3761 vires,
662 3710 769 3748 aversa
783 3690 847 3748 dear
863 3710 954 3749 mens.

137 3786 247 3877 Jec
262 3786 357 3843 dubiis
371 3805 408 3842 ea
422 3786 510 3863 signa
524 3785 602 3843 dedit
616 3784 752 3843 Tritonia
766 3786 913 3844 monstris.

176 3878 240 3936 Vix
254 3879 379 3956 positum
394 3879 501 3936 castris
515 3879 716 3949 simulacrum,
735 3877 838 3937 arsere
853 3898 988 3938 coruscae

175 3969 356 4043 Luminibus
372 3972 498 4030 flamme
513 3972 649 4043 arrectis,
667 3972 823 4048 salsusque
839 3992 892 4050 per
905 3982 987 4032 artus

177 4064 300 4123 Sudor
292 4066 347 4135 rit3
370 4046 476 4142 te'rque
491 4066 554 4143 ipsa
570 4066 633 4123 solo
649 4052 797 4141 (miiabile
813 4066 893 4123 dictu
907 4067 929 4143 !)

175 4156 321 4230 Emicuit,
339 4176 530 4236 parmamque
544 4159 643 4217 serens
657 4160 833 4235 hastamque
847 4169 1030 4219 trementem.

175 4252 338 4330 Extemplo
352 4254 494 4313 tentanda
508 4244 579 4332 luga
593 4255 672 4337 canit
688 4274 809 4331 aequora
824 4255 966 4326 Calchas,

175 4346 247 4405 Nec
263 4367 349 4424 posse
363 4348 515 4427 Argolicis
529 4348 661 4411 exscindi
675 4349 825 4426 Pergama
837 4349 915 4420 telis,

176 4438 289 4498 Omina
302 4441 332 4498 ni
347 4450 482 4519 repetant
497 4442 598 4520 Argis,
615 4462 782 4519 numenque
798 4442 942 4500 reducant

176 4530 271 4600 Quod
291 4534 398 4613 pelago
412 4544 441 4594 et
456 4536 555 4594 curris
570 4555 671 4594 secum
685 4534 813 4596 avexere
828 4536 948 4595 carinis.

173 4622 222 4686 Bt
235 4644 325 4698 nunc,
343 4627 422 4704 qudd
437 4630 549 4707 patrias
562 4638 651 4689 vento
666 4628 778 4707 petiere
792 4629 950 4705 Mycenas,

462 4725 520 4781 10·
873 4740 892 4781 o
