2692 5122
550 822 725 874 AENEIDOS
750 823 820 871 ΗΒ.
835 823 865 869 X.

196 964 274 1024 Tum
288 965 332 1024 sie
348 965 484 1045 ignarum
498 966 658 1042 alloquitur
672 985 679 1022 :
702 964 870 1044 vigilasne,
886 958 975 1020 derim
988 980 1073 1040 gens,

195 1058 301 1120 AEuea
317 1059 328 1116 ἓ
350 1060 452 1137 vigila,
468 1067 498 1117 et
512 1059 587 1117 velis
602 1059 723 1116 immtte
738 1058 888 1116 rudentes.

196 1150 260 1212 llos
273 1172 376 1212 sumus
391 1152 479 1211 Idaeae
494 1171 582 1211 sacro
597 1152 633 1209 de
648 1152 760 1209 vertice
775 1152 871 1229 pinus,
1125 1150 1185 1208 280

195 1248 286 1310 Nunc
302 1249 400 1326 pelugi
415 1249 443 1307 N
445 1249 573 1326 ymphae,
590 1247 696 1305 classis
710 1256 771 1305 tua.
814 1246 952 1305 Perfidus
967 1252 998 1302 ut
1012 1264 1067 1303 nos

195 1340 370 1419 Pracipites
384 1342 463 1399 ferro
476 1342 608 1399 Rutulus
623 1341 800 1416 flammique
816 1340 979 1416 premebat,

195 1435 343 1513 Rupimus
358 1436 456 1493 invitae
470 1444 522 1493 tus
536 1435 664 1506 vincula,
680 1443 770 1511 teque
786 1453 839 1511 per
853 1453 955 1509 aequor

196 1527 374 1597 Quaerimus.
417 1528 506 1586 Hanc
522 1529 668 1586 Genetrix
682 1528 791 1585 faciem
804 1528 946 1585 miserata
960 1526 1076 1598 refecit,
1094 1526 1105 1545 ⁶

196 1618 233 1680 ut
245 1620 327 1679 dedit
342 1641 410 1679 esse
425 1621 509 1692 deas,
527 1639 683 1696 aevumque
698 1621 813 1699 agitare
827 1621 882 1678 sub
898 1618 994 1677 undis.
1124 1619 1183 1676 286

193 1714 232 1772 Ar
244 1733 321 1792 puer
336 1715 487 1772 Ascanius
502 1732 585 1772 muro
600 1713 747 1789 fossisque
761 1720 881 1771 tenetur

193 1805 268 1865 Tela
281 1807 361 1865 inter
374 1808 472 1865 media
487 1816 574 1884 atque
590 1807 746 1864 horrentes
759 1807 859 1864 Marte
873 1805 1009 1866 Latinos.

191 1898 260 1958 Jam
274 1900 342 1958 loca
352 1901 439 1976 jussa
453 1908 554 1958 tenent
569 1900 637 1958 sorti
651 1901 813 1977 permixtus
826 1901 957 1959 Etrusco

191 1994 288 2052 Arcus
302 2013 404 2071 eques.
447 1993 564 2051 Medias
578 1994 637 2051 illis
651 2013 800 2071 opponere
814 2003 938 2066 turmas,

191 2084 237 2147 lle
249 2088 508 2166 castrisjungant,
525 2096 609 2144 certa
623 2095 669 2144 est
684 2089 831 2145 sententia
848 2086 961 2146 Turno.
1121 2090 1181 2147 240

172 2181 286 2260 ‘Surge
301 2201 370 2259 age,
386 2192 415 2238 et
430 2180 550 2239 Aurorri
564 2181 662 2238 socios
676 2181 813 2239 veniente
829 2182 930 2239 vocari

189 2273 307 2333 Primus
320 2274 350 2331 in
365 2293 448 2332 arma
456 2275 529 2350 jube
546 2293 554 2342 ;
580 2282 609 2331 et
624 2274 761 2350 clypeum
777 2293 862 2350 cape,
882 2293 968 2350 quem
983 2274 1063 2334 dedit
1077 2274 1140 2353 ipse

191 2365 338 2426 Invictum
352 2368 530 2445 ignipotens,
547 2375 636 2443 atque
652 2385 721 2423 oras
736 2367 835 2423 ambiit
856 2384 940 2426 auro.

191 2461 331 2522 Crastina
347 2464 406 2534 lux,
422 2482 489 2520 mea
503 2463 528 2519 si
543 2481 601 2519 non
616 2461 699 2518 irrita
714 2461 793 2518 dicta
808 2460 932 2537 potiris,

190 2553 331 2634 Ingentes
345 2557 466 2613 Rutulae
482 2554 627 2632 spectabit
641 2553 731 2610 caedis
747 2573 880 2611 acervos.
1120 2556 1179 2614 245

189 2648 315 2707 Dixerat
332 2669 339 2718 ;
365 2659 393 2706 et
406 2647 511 2706 dextri
524 2647 682 2705 discedens
696 2646 808 2724 impulit
822 2647 923 2719 altam,

189 2739 281 2799 Haud
295 2743 401 2820 ignara
415 2741 503 2813 modi,
520 2741 647 2819 puppim.
690 2739 781 2818 Fugit
796 2741 846 2799 illa
860 2760 913 2819 per
927 2741 1021 2801 undas

189 2833 281 2893 Ocior
294 2845 323 2892 et
334 2835 436 2910 jaculo
451 2843 480 2892 et
495 2842 599 2892 ventos
614 2843 753 2911 aequante
767 2833 887 2912 sagittd.

190 2926 261 2986 lude
276 2929 343 2986 alite
358 2929 492 2986 celerant
507 2947 622 2987 cursus.
666 2931 769 3005 Stupet
784 2928 897 2986 inscius
915 2929 978 3005 ipse

189 3021 265 3082 Tros
277 3024 479 3082 Anchisiades
495 3043 502 3092 3
527 3024 641 3082 animos
653 3033 753 3082 tamen
768 3024 865 3081 omine
881 3024 964 3083 tollit.
1117 3026 1176 3084 250

188 3115 265 3175 Tum
279 3118 421 3188 breviter,
434 3136 545 3194 supera
559 3117 737 3195 adspectans
752 3136 896 3188 convexa,
913 3126 1053 3194 precatur
1067 3136 1076 3175 t

225 3211 314 3269 Alma
329 3228 436 3287 parens
451 3209 533 3267 Idaea
547 3207 644 3281 desim,
661 3211 710 3267 cui
723 3209 876 3286 Dindyma
890 3210 983 3281 cordi,

189 3300 421 3382 'llirrigeraeque
437 3304 536 3373 urbes,
553 3302 706 3379 bijugique
722 3302 759 3360 ad
773 3302 868 3361 froena
881 3302 984 3360 leones
997 3322 1005 3373 ;

187 3394 235 3454 'ht
248 3397 319 3454 mihi
334 3416 413 3454 nunc
429 3415 536 3474 pugnae
552 3395 699 3472 princeps,
712 3402 744 3452 tu
758 3394 813 3454 rite
829 3395 1010 3471 propinques

186 3488 354 3566 Augurium
370 3508 377 3557 ;
402 3487 633 3564 Phrygibusque
648 3486 726 3543 adsis
742 3486 827 3562 pede,
843 3486 934 3557 Diva,
951 3486 1093 3546 secundo.
1115 3487 1174 3545 255

186 3578 317 3639 Tantum
331 3581 438 3639 effatus
454 3599 461 3648 ;
486 3588 515 3636 et
530 3580 645 3637 interea
659 3578 793 3636 revoluta
806 3579 913 3636 ruebat

186 3672 379 3750 Maturrijam
394 3675 461 3731 luce
476 3672 550 3742 dies,
567 3682 744 3747 noctemque
759 3669 888 3748 sugdrat.

223 3765 375 3843 Principio
390 3766 480 3824 sociis
493 3764 582 3822 edicit
596 3765 684 3843 signs
698 3773 871 3840 sequantur,

184 3859 286 3938 Atque
301 3861 414 3917 animos
429 3868 529 3936 aptent
543 3859 643 3930 armis,
661 3877 828 3936 pugnaeque
843 3868 947 3936 parent
962 3878 1004 3919 se.

184 3951 314 4030 Jamque
329 3953 358 4010 in
374 3960 536 4030 conspectu
550 3953 687 4010 Teucros
701 3951 791 4009 habet
804 3960 833 4009 et
848 3972 902 4011 sua
920 3962 1032 4026 castra,
1112 3957 1173 4013 260

185 4046 272 4104 Stans
285 4045 368 4104 celsi
382 4047 411 4103 in
426 4047 514 4123 puppi
531 4065 538 4114 ;
562 4046 700 4123 clypeum
716 4064 804 4120 quum
818 4045 924 4104 deinde
939 4046 1060 4107 sinistri

183 4137 298 4197 Extulit
314 4139 475 4198 ardentem.
519 4137 689 4197 Clamorem
702 4138 853 4197 adsidere
869 4140 974 4198 tollunt

181 4232 365 4294 Dardanidae
380 4251 397 4289 e
411 4232 503 4290 muris
520 4251 528 4302 3
551 4250 620 4309 spes
635 4231 734 4289 additu
746 4232 871 4290 suscitat
889 4232 971 4303 irus3

183 4323 259 4385 Tela
272 4345 362 4384 manu
373 4325 488 4401 jaciunt
504 4343 511 4382 :
536 4325 641 4402 quales
655 4325 709 4382 sul>
724 4325 852 4383 nubibus
866 4326 939 4384 atris

182 4419 360 4496 Strymoniae
375 4418 445 4475 dant
460 4417 547 4496 signa
560 4437 662 4497 grues,
681 4425 771 4493 atque
786 4418 897 4476 {athera
911 4427 1031 4478 tranant
1110 4419 1168 4477 265

182 4509 262 4572 Cum
274 4512 383 4582 sonitu,
400 4510 575 4589 fugiuntque
588 4511 680 4570 Notos
690 4510 820 4569 clamore
835 4511 976 4571 secundo.

181 4602 223 4664 tu
236 4603 352 4665 Rutulo
364 4604 432 4683 regi
445 4603 632 4681 ducibusque
646 4622 684 4663 ea
697 4603 772 4662 mira
785 4602 880 4662 videri
904 4630 907 4639 ·
