2692 5122
218 405 259 466 ω
508 402 535 449 Ρ.
555 400 723 449 VIRGILII
746 401 919 452 Maaonts

258 541 349 611 Quod
362 549 510 619 superest,
528 561 724 619 quercumque
739 562 857 621 premes
871 543 1002 623 virgulta
1016 561 1070 622 per
1082 561 1185 624 agros,

218 639 334 717 Sparge
349 638 417 694 fimo
432 637 544 714 pingui,
561 645 592 694 et
605 636 699 695 multd
713 657 826 696 memor
839 639 944 696 occule
959 636 1062 697 terri:

216 734 278 792 Aut
293 732 420 809 lapidem
436 731 578 801 bibulum,
595 741 646 789 aut
660 732 834 808 squalentes
848 732 947 790 infode
962 732 1094 791 conchas
1109 751 1118 803 ;

217 826 301 887 Inter
315 828 393 885 enim
407 827 546 884 labentur
560 844 657 902 aquae,
674 827 832 904 tenuisque
848 828 959 885 subibit

217 920 351 993 Halitus,
369 930 459 998 atque
475 921 588 978 animos
602 921 706 978 tollent
720 931 787 979 sata
804 941 811 978 ε
830 923 953 999 jamque
967 922 1079 1000 reperti
1149 923 1210 980 350

218 1017 279 1084 Qui
299 1036 372 1073 saxo
386 1015 478 1093 super
492 1024 582 1090 atque
597 1015 710 1092 ingenti
726 1016 855 1092 pondere
870 1026 956 1075 testae

217 1107 367 1188 Urgerent
382 1130 390 1179 ;
415 1110 471 1167 hoc
485 1109 596 1166 effusos
610 1109 760 1168 munimen
775 1110 812 1167 ad
827 1111 937 1169 imbres
951 1131 958 1180 ;

216 1201 298 1274 Hoc,
316 1205 366 1262 ubi
381 1204 482 1261 hiulca
496 1203 543 1261 siti
559 1203 642 1260 findit
657 1202 753 1262 Canis
769 1204 880 1262 aestiser
895 1224 976 1263 arva.

257 1299 427 1356 Seminibus
442 1297 557 1375 positis,
574 1308 712 1374 superest
726 1298 876 1356 deducere
891 1308 1003 1357 terram

218 1392 333 1470 Sepllts
349 1392 385 1449 ad
401 1391 511 1469 capita,
524 1395 558 1448 'et
573 1392 664 1448 duros
681 1392 799 1468 jactare
814 1393 951 1451 bidentes
967 1413 975 1462 ;
1151 1391 1210 1450 365

217 1486 280 1546 Aut
298 1506 402 1562 presso
417 1504 560 1543 exercere
575 1486 671 1542 solum
685 1487 740 1542 sub
755 1506 885 1557 vomere,
903 1501 932 1544 et
947 1487 1013 1563 ipsa

216 1579 356 1639 Flectere
371 1580 520 1637 luctantes
535 1579 612 1636 inter
627 1579 726 1636 vineta
743 1580 910 1654 juvencos:

215 1675 295 1733 Tum
310 1676 392 1732 leves
406 1674 550 1743 calamos,
567 1682 596 1730 et
611 1693 689 1732 rasae
704 1674 824 1732 bestilia
839 1675 942 1752 virgae,

215 1768 443 1843 Fraxineasque
459 1776 561 1844 optare
577 1767 678 1838 sudes,
695 1767 856 1844 furcasque
872 1769 1021 1840 bicornes,

215 1862 340 1920 Viribus
354 1861 426 1920 eniti
441 1881 578 1939 quarum,
594 1871 624 1919 et
639 1871 830 1920 contemnere
845 1872 949 1920 ventos
1148 1863 1211 1920 360

215 1957 413 2026 Assuescant,
430 1974 621 2030 summasque
636 1955 722 2031 sequi
735 1956 870 2014 tabulata
883 1975 937 2033 per
950 1956 1056 2015 ulmos.

255 2051 312 2121 Ac,
330 2050 400 2108 dum
415 2049 509 2129 prime
524 2050 608 2108 novis
623 2050 766 2107 adolescit
783 2050 937 2108 frondibus
951 2058 1035 2121 aetas,

216 2131 407 2205 Parcendum
421 2146 534 2204 teneris
550 2164 557 2202 ε
580 2154 609 2203 et
624 2146 692 2203 dum
708 2165 741 2202 se
756 2146 843 2203 laetus
857 2144 895 2202 ad
909 2164 1001 2202 auras

215 2239 336 2299 Palmes
351 2241 424 2317 agit,
442 2240 518 2297 laxis
533 2259 587 2316 per
600 2259 707 2315 purum
722 2239 870 2296 immissus
884 2238 1021 2310 habenis,

186 2347 189 2360 ¹
217 2331 289 2410 Ipsa
303 2333 367 2390 acie
385 2332 514 2398 nondum
530 2332 615 2390 salcis
629 2332 772 2388 tentanda
787 2351 794 2400 ;
819 2332 872 2388 sed
887 2332 973 2389 lincis
1150 2332 1210 2391 365

217 2426 388 2504 Carpendae
402 2426 539 2483 manibus
552 2425 684 2496 frondes,
701 2426 838 2501 interque
854 2426 1001 2503 legendae.

216 2519 301 2591 Inde,
319 2520 368 2577 ubi
385 2519 448 2595 jam
463 2518 570 2576 validis
585 2518 727 2594 amplexae
743 2519 885 2596 stirpibus
899 2521 995 2578 ulmos

215 2615 363 2684 Exierint,
379 2622 441 2671 tum
455 2612 569 2688 stringe
584 2631 696 2682 comas,
713 2620 774 2670 tum
789 2614 914 2670 brachia
927 2613 1037 2683 tonda;

105 2710 109 2721 '
215 2708 295 2768 Ante
311 2706 503 2766 reformidant
518 2705 628 2763 serrum
645 2725 653 2774 3
677 2715 738 2763 tum
753 2706 881 2783 denique
895 2708 972 2766 dura

215 2801 335 2863 Exerce
350 2801 484 2878 imperio,
502 2810 531 2859 et
546 2820 646 2858 ramos
660 2820 818 2878 compesce
834 2802 970 2862 fluentes.
1149 2804 1211 2861 370

255 2896 408 2954 Texendae
423 2915 511 2973 sepes
525 2896 625 2966 etiam,
643 2904 673 2952 et
689 2916 781 2973 pecus
795 2916 882 2954 omne
891 2897 1068 2969 tenendum,

215 2990 371 3068 Praecipue
387 2991 455 3048 dum
470 2991 553 3048 frons
567 2999 672 3048 tenera
686 2990 918 3068 imprudensque
938 2993 1074 3050 laborum
1090 3010 1097 3048 :

217 3085 287 3156 Cui,
304 3105 395 3163 super
408 3085 547 3163 indignas
562 3085 686 3155 hiemes,
703 3086 856 3161 solemque
873 3095 1034 3162 potentem,

217 3182 376 3241 Silvestres
390 3182 436 3239 uri
456 3180 575 3238 assidue
590 3199 769 3258 capreaeque
785 3200 932 3255 sequaces

216 3274 369 3343 Illudunt;
394 3284 558 3351 pascuntur
572 3294 655 3345 oves,
673 3275 827 3350 avidaeque
845 3275 994 3350 juvenem.
1112 3318 1119 3330 ,
1149 3274 1210 3333 375

215 3370 345 3448 Frigora
359 3389 415 3427 nec
429 3369 544 3426 tantiun
559 3368 638 3426 canti
652 3378 795 3427 concreta
810 3369 927 3448 pruina,

215 3465 277 3522 Aut
291 3464 392 3540 gravis
408 3463 582 3520 incumbens
597 3463 727 3539 scopulis
742 3465 895 3522 arentibus
911 3473 1009 3537 aestas,

216 3559 368 3626 Quantiim
383 3558 425 3615 illi
439 3557 571 3617 nocuere
586 3577 707 3636 greges,
724 3559 850 3637 durique
866 3579 1014 3619 venenum

214 3651 334 3723 Dentis,
351 3663 380 3709 et
395 3652 533 3710 admorso
547 3652 666 3730 signata
682 3653 711 3711 in
725 3654 816 3730 stirpe
831 3655 966 3712 cicatrix.

255 3746 324 3804 Non
343 3746 431 3803 aliam
446 3747 484 3804 ob
498 3747 618 3824 culpam
631 3747 754 3806 Baccho
770 3768 861 3825 caper
875 3749 1013 3807 omnibus
1027 3748 1089 3807 aris
1148 3751 1209 3808 380

216 3839 362 3910 Creditur,
379 3849 408 3898 et
423 3849 542 3899 veteres
557 3841 659 3900 ineunt
674 3843 833 3919 proscenia
847 3843 909 3901 ludi
926 3861 933 3912 ;

214 3933 403 4009 Praemioque
418 3934 556 4011 ingeniis,
573 3955 668 4014 pegos
682 3945 712 3994 et
726 3937 853 4014 compita
868 3938 992 4011 circum,

215 4026 355 4086 Thesidae
371 4024 510 4103 posudre,
528 4036 619 4105 atque
633 4030 711 4087 inter
724 4031 832 4107 pocula
846 4031 906 4087 lati

214 4120 357 4180 Mollibus
375 4120 405 4178 in
420 4121 512 4198 pratis
526 4132 632 4181 unctos
646 4122 765 4182 saluere
780 4143 833 4202 per
847 4132 939 4184 utres.

215 4215 244 4275 N
246 4235 283 4274 ee
297 4234 357 4274 non
369 4216 507 4288 Ausonii,
524 4216 621 4295 Trojd
633 4238 708 4297 gens
722 4219 825 4292 missa,
839 4219 937 4278 coloni
1149 4222 1209 4281 aad
