2692 5122
207 428 216 445 1

491 802 667 850 AENEIDOS
687 802 756 849 ΜΒ.
772 803 824 850 111.

166 940 248 1016 Visa,
265 941 382 1020 aperire
397 942 500 1020 procul
515 950 639 1014 montes,
657 962 694 1000 ac
708 942 827 1000 volvere
842 942 961 1000 fumum.

165 1034 240 1093 Vela
254 1036 364 1094 cadunt
379 1055 387 1106 ;
410 1036 499 1094 remis
514 1036 694 1114 insurgimus
708 1055 716 1105 3
743 1035 821 1095 haud
836 1055 928 1108 mora,
944 1041 1043 1093 nautia

163 1128 271 1187 Adnixi
284 1138 423 1206 torquent
437 1149 568 1206 spumas,
584 1138 614 1187 et
628 1130 740 1188 caerula
751 1138 882 1188 verrunt.

203 1225 359 1281 Servatum
374 1242 411 1281 cx
425 1223 511 1282 undis
526 1224 723 1301 Strophadum
737 1244 782 1281 me
798 1225 897 1282 littora
910 1221 1036 1301 primbm

163 1314 332 1393 Accipiunt.
375 1317 555 1394 Strophades
569 1317 664 1376 Graio
678 1327 757 1375 stant
771 1318 888 1376 nomine
903 1316 990 1375 dictae
1089 1317 1150 1376 910

163 1408 271 1467 Insulae
288 1408 372 1467 Ionio
386 1411 416 1468 in
431 1430 549 1488 magno,
567 1431 641 1487 quas
657 1411 721 1470 dira
736 1411 871 1483 Celaeno,

162 1500 368 1580 Harpyiaeque
383 1503 483 1561 colunt
497 1505 573 1574 aliar,
589 1504 717 1562 Phineia
733 1515 889 1583 postquam

163 1595 278 1654 Clausa
291 1596 405 1668 domus,
421 1616 600 1673 mensasque
614 1607 693 1656 metu
709 1597 823 1674 liquere
839 1599 961 1675 priores.

161 1688 290 1747 Tristius
304 1689 383 1747 haud
398 1690 456 1747 illis
471 1699 642 1761 monstrum,
658 1711 714 1749 nec
729 1693 837 1751 saevior
854 1692 915 1749 ulla

161 1781 259 1840 Pestis
273 1789 302 1840 et
317 1783 362 1840 ira
376 1780 464 1840 deitm
478 1784 589 1861 Stygiis
603 1804 670 1842 sese
684 1786 787 1843 extulit
802 1785 898 1843 undis.
1088 1784 1149 1842 916

160 1873 298 1954 Virginei
312 1876 466 1934 volucrum
481 1877 589 1948 vultus,
607 1877 769 1936 soedissima
783 1877 895 1935 ventris

160 1968 327 2040 Proluvies‚
345 1988 490 2046 uucaeque
504 1988 619 2041 manus,
637 1979 665 2027 et
680 1970 790 2049 pallida
802 1989 920 2049 semper

161 2062 224 2122 Ora
238 2063 325 2120 same.

199 2153 272 2213 Huc
286 2156 337 2214 ubi
351 2154 440 2215 delati
455 2166 556 2234 portus
571 2159 765 2228 intravimus3
796 2176 869 2217 eece
1151 2231 1154 2237 Ι

159 2245 246 2307 Laeta
259 2249 349 2307 boum
362 2251 471 2327 passim
486 2252 597 2329 campis
612 2261 745 2309 armenta
760 2251 904 2321 videmus,
1087 2252 1148 2310 990

162 2340 423 2420 Caprigenumque
439 2363 541 2420 pecus,
558 2345 638 2401 nullo
653 2344 786 2415 custode,
803 2364 856 2421 per
870 2345 988 2403 herbas.

161 2434 305 2495 Irruimus
320 2437 410 2509 serre,
427 2446 456 2495 et
471 2437 722 2515 divos-ipsumque
738 2458 879 2496 vocamus

161 2529 196 2590 In
210 2541 323 2610 partem
335 2532 525 2610 praedamque
540 2535 656 2592 Jovem.
697 2534 774 2592 Tum
789 2534 886 2590 littore
901 2553 993 2592 curvo

159 2625 408 2702 Exstruimusque
423 2635 514 2698 toros,
531 2627 716 2704 dapibusque
731 2627 886 2702 epulamur
900 2625 1014 2703 opimis.

159 2719 200 2776 At
213 2719 318 2777 subitae
334 2719 473 2777 horrifico
487 2720 569 2797 lapsu
585 2720 783 2777 dementibus
799 2720 906 2777 adsunt
1086 2722 1146 2781 225

159 2811 315 2889 Harpyiae,
332 2821 361 2870 et
374 2813 491 2890 magnis
506 2813 640 2889 quatiunt
655 2813 847 2891 clangoribus
862 2813 935 2884 alas,
1140 2836 1184 2937 ι
1231 2870 1234 2875 ,

159 2905 369 2983 Diripiantque
384 2906 487 2984 dapes,
503 2915 701 2983 contactuque
717 2907 815 2965 omnia
830 2906 940 2964 soedant

159 2998 313 3057 Immundo
327 3019 334 3057 τ
355 3008 417 3057 tum
432 3020 487 3058 vox
501 3009 609 3058 tetrum
623 3000 687 3057 dira
701 3001 778 3057 inter
792 2999 922 3059 odorem.

158 3092 291 3150 Rursum
305 3093 334 3150 in
350 3112 471 3151 secessu
486 3095 575 3172 longo
589 3095 645 3152 sub
659 3113 732 3170 rupe
748 3092 865 3164 cavata,

158 3184 327 3244 Arboribus
341 3185 435 3243 clausi
449 3186 560 3244 circbm
575 3196 665 3262 atque
679 3187 869 3244 horrentibus
883 3185 1004 3258 umbris,
1086 3186 1146 3245 980

158 3278 335 3338 Instruimus
349 3298 478 3350 mensas,
494 3281 613 3355 arisque
627 3280 798 3356 reponimus
813 3279 921 3356 ignem.

157 3371 292 3430 Rursum
305 3392 342 3429 ex
356 3372 473 3430 diverso
488 3373 557 3429 coeli
572 3373 720 3447 caecisque
736 3372 858 3428 latebris

157 3464 264 3523 Turba
277 3486 386 3523 sonans
402 3465 531 3543 praedam
547 3465 671 3541 pedibus
686 3462 879 3521 circumvolat
894 3463 988 3534 uncis,
1010 3520 1019 3533 ,

156 3557 267 3616 Polluit
282 3578 333 3615 ore
347 3559 449 3634 dapes.
492 3558 587 3614 Sociis
601 3570 682 3625 tunc,
699 3575 783 3612 arma
805 3563 974 3631 capessant,

157 3650 265 3722 Edico,
282 3660 311 3708 et
326 3648 392 3708 dira
405 3651 515 3707 bellum
530 3670 596 3707 cum
612 3648 888 3727 gente'gerendum.
1086 3651 1145 3709 936

158 3742 252 3801 Haud
267 3764 355 3802 secus
370 3764 406 3801 ac
425 3744 502 3819 jussi
516 3743 638 3814 iaciunt,
655 3751 809 3818 tectosque
825 3761 878 3819 per
891 3741 1015 3802 herbam

157 3835 328 3913 Disponunt
344 3856 443 3908 enses,
459 3845 488 3893 et
504 3846 589 3894 scuta
603 3836 724 3893 latentia
739 3836 877 3893 condunt.

156 3928 253 4008 Ergo,
271 3931 322 3989 ubi
336 3931 465 4008 delapsae
480 3931 605 3988 sonitum
621 3950 674 4007 per
687 3949 781 3987 curva
795 3927 905 3989 dedere

156 4020 286 4095 Littera,
303 4022 353 4080 dat
367 4024 483 4101 signum
499 4021 623 4100 speculis
635 4022 771 4081 Misenus
786 4024 823 4080 ab
838 4023 901 4081 altri

159 4114 235 4174 AEre
250 4136 333 4175 cavo.
377 4116 523 4175 Invadunt
537 4117 622 4187 socii,
639 4125 668 4174 et
682 4136 760 4174 nova
775 4117 880 4192 proelia
895 4125 1021 4191 tentant,
1086 4120 1146 4179 940

158 4206 330 4268 Obscoenas
345 4211 444 4288 pelagi
459 4211 537 4268 ferro
552 4209 665 4269 soedare
680 4210 827 4270 volucres.

158 4301 218 4359 Sed
233 4322 331 4379 neque
346 4304 404 4362 vim
419 4304 524 4380 plumis
541 4304 630 4360 ullam
643 4323 699 4362 nec
714 4306 838 4363 vulnera
853 4314 938 4385 terge

156 4391 341 4472 Accipiunt}
366 4397 517 4475 celerique
533 4394 605 4474 sugit
618 4398 672 4454 sub
688 4397 786 4456 sidera
800 4398 902 4475 lapsae,

157 4486 283 4545 Semesa
329 4490 458 4566 praedam
472 4502 502 4548 et
517 4490 643 4568 vestigia
657 4490 736 4549 soeda
749 4493 929 4568 relinquunt.

157 4578 227 4638 Una
242 4582 271 4638 in
286 4581 431 4659 praecelsi
444 4584 578 4641 consedit
593 4603 665 4660 rupe
681 4584 815 4655 Celaeno,
1085 4585 1145 4643 245

134 4668 266 4733 Antelix
280 4683 375 4747 rates,
392 4676 560 4753 rumpitque
574 4675 651 4734 hanc
665 4685 786 4753 pectere
801 4695 925 4738 vocem:
