2692 5122
176 418 236 476 ,ῃ
476 409 503 456 r.
516 407 681 454 vmomu
700 405 871 454 ussurus

177 552 246 611 Non
261 571 318 629 ego
332 569 388 608 nee
402 548 531 606 Teucris
547 546 637 605 ltelos
653 566 758 623 parere
775 545 899 621 jubebo,

177 645 207 704 N
208 664 245 702 ec
260 644 329 702 mihi
343 662 438 720 regne
452 651 529 719 peto.
572 640 702 698 Psribus
716 658 748 696 se
763 638 880 716 legibus
894 636 991 694 umbre
1112 635 1170 696 lm

179 737 302 795 Invictae
316 745 422 814 gentes
437 744 549 793 [eterno
564 734 594 791 in
608 733 723 792 l'oedere
737 733 861 789 mittent.

179 833 272 889 Sacra
286 831 417 905 deosque
432 830 531 887 dabo:
554 848 643 886 socer
656 846 739 885 orme
753 826 880 884 Latinus
894 824 1003 882 hebeto
1018 842 1027 894 3

179 923 338 1002 Imperium
352 924 483 981 solemne
498 940 606 980 socer:
629 921 699 979 mihi
714 920 823 978 moenie
837 917 950 977 Teucri

179 1017 379 1089 constituent,
396 1018 522 1094 urbique
537 1017 619 1074 debit
632 1015 760 1074 Lavinia
774 1033 892 1072 nomon.

219 1113 269 1169 Sic
284 1112 364 1188 prior
376 1112 518 1170 AEneos:
541 1111 677 1186 sequitur
690 1110 733 1166 sio
748 1108 854 1166 deinde
868 1106 1005 1178 Latinus,
1110 1106 1168 1166 106

179 1206 352 1282 Suspicione
368 1206 488 1277 coelum,
504 1205 657 1280 tenditque
673 1203 710 1261 sd
724 1203 822 1261 sidero
836 1202 992 1260 dextram:

178 1299 257 1357 Haec
272 1298 388 1369 eedem,
404 1299 519 1369 AEnetq
535 1299 673 1366 Terram,
691 1297 789 1368 More,
807 1296 922 1365 Sidere,
939 1293 1020 1369 juro,

178 1392 363 1468 Latonaeque
379 1412 475 1470 genus
488 1392 608 1469 duplex,
624 1392 795 1467 donumque
810 1390 976 1460 bifrontem,
994 1400 999 1405 '

177 1484 307 1560 Vimque
323 1483 408 1542 deirm
424 1485 578 1555 infernam,
595 1494 625 1542 et
639 1485 704 1542 duri
719 1484 853 1541 sacraria
866 1482 965 1549 Ditis;

177 1578 287 1636 Audiat
302 1579 367 1635 hoec
381 1578 518 1649 Genitor,
535 1579 585 1654 qui
600 1578 714 1636 soedere
728 1578 849 1635 fulmine
864 1577 967 1634 sensit.
1108 1575 1168 1636 2⁰⁰

177 1670 284 1748 Tango
300 1690 368 1728 eras
385 1690 392 1739 ;
417 1671 529 1728 medios
544 1672 629 1747 ignes
643 1681 672 1729 et
687 1671 806 1729 nurnine
820 1677 915 1729 testor
932 1689 939 1726 ε

178 1764 269 1823 Nullo
284 1764 347 1821 dies
362 1784 466 1841 pacem
480 1764 558 1822 hanc
573 1765 656 1822 Italis
670 1785 726 1823 nec
740 1765 856 1823 foedere
869 1771 996 1841 rumpet,

179 1856 248 1924 Quo
264 1877 314 1914 res
328 1877 455 1933 cumque
469 1857 576 1915 cedent
590 1877 598 1927 3
622 1877 678 1915 nec
693 1877 739 1915 me
753 1859 798 1916 vis
813 1858 874 1915 ulle
892 1857 1041 1915 volentem

178 1949 305 2009 Auertet
321 1970 328 2019 ;
353 1970 422 2021 non,
438 1951 464 2007 si
478 1951 614 2008 tellurem
629 1951 760 2009 ell‘undet
775 1952 804 2009 in
822 1951 927 2021 undas,

177 2044 299 2103 Diluvio
316 2045 455 2115 miscens,
472 2044 641 2120 ooelumque
656 2045 685 2102 in
699 2046 828 2103 Tentura
842 2045 960 2103 solvet:
1107 2041 1169 2100 206

178 2138 218 2197 Ut
233 2148 383 2216 sceptrum
397 2140 465 2210 hoc,
484 2138 605 2215 (dextrd
617 2148 767 2216 sceptrum
781 2159 849 2197 nom
864 2137 938 2197 sorte
958 2134 1114 2215 gerebat)

179 2232 340 2308 Nunquam
355 2232 459 2290 fronde
473 2232 531 2290 levi
545 2233 646 2290 fundet
661 2233 790 2311 virgulto
804 2251 902 2308 neque
916 2233 1048 2303 umbras,

180 2324 281 2392 Quum
295 2325 387 2382 semel
402 2326 432 2383 in
446 2325 539 2396 silvis,
557 2325 615 2382 imo
629 2326 665 2382 de
680 2327 771 2402 stirpe
786 2326 926 2396 recisum,

177 2416 277 2474 Matre
293 2426 386 2488 caret,
404 2418 560 2494 posuitque
575 2437 677 2475 comos
690 2426 719 2475 et
734 2418 856 2476 brochis
872 2417 951 2475 ferro
966 2435 974 2486 ;

176 2509 256 2567 Olim
272 2512 370 2580 orbos,
387 2531 465 2568 nuno
480 2512 603 2569 artificis
617 2531 723 2569 uranus
737 2531 796 2570 tere
811 2511 922 2569 decoro
1106 2508 1170 2568 210

179 2601 313 2673 inclusit,
330 2605 522 2680 patribusque
536 2605 616 2664 dedit
631 2614 751 2683 gesture
765 2605 891 2664 Latinis.

216 2694 343 2753 Talibus
357 2697 433 2753 iuter
447 2717 479 2754 se
495 2697 651 2756 firmabant
667 2698 781 2756 foedere
793 2699 892 2769 dietis,

179 2786 351 2865 Conspectu
367 2789 395 2845 in
411 2789 508 2846 medio
522 2810 688 2865 procerum.
730 2792 809 2850 Tum
822 2791 878 2849 ritd
893 2799 1029 2848 sncrstss

120 2927 122 2930 ,
179 2879 214 2937 ln
227 2880 375 2938 dammum
392 2880 530 2958 jugulent
545 2884 685 2959 pecudes,
702 2892 731 2943 et
746 2886 864 2942 viscera
877 2884 952 2942 vivis

113 3018 119 3027 ,
177 2973 326 3050 Eripiunt,
343 2975 553 3051 cumulantque
569 2979 700 3035 oneratis
716 2979 852 3035 lancibus
867 2997 945 3035 eres.
1107 2977 1168 3036 215

220 3069 259 3126 At
275 3067 345 3125 verd
360 3069 482 3126 Rutulis
496 3071 591 3146 impar
604 3090 641 3128 en
655 3092 755 3150 pugne
769 3073 862 3129 videri

177 3160 246 3219 Jom
259 3161 378 3231 dudum,
395 3170 424 3218 et
440 3163 522 3221 vurio
536 3165 654 3222 misceri
670 3174 792 3242 pectore
806 3175 885 3222 motu
899 3184 907 3222 t

177 3253 256 3310 Tum
270 3253 374 3330 magis,
391 3263 422 3311 ut
438 3255 557 3332 propiirs
571 3266 707 3329 cernunt,
723 3278 782 3316 non
797 3260 908 3316 viribus
923 3258 1026 3335 aequis.

177 3345 319 3419 Adjuvat,
335 3347 454 3405 incessu
469 3350 561 3407 tocito
576 3371 763 3428 progressus,
779 3361 809 3409 et
824 3372 907 3410 erem

178 3437 357 3514 Suppliciter
371 3458 517 3498 venerans
532 3442 660 3501 demisso
674 3445 793 3514 lumine,
810 3445 942 3516 Turnus,
1106 3445 1167 3505 22⁰

176 3529 388 3607 Tebentesque
402 3552 500 3609 gente,
517 3544 545 3593 et
562 3536 694 3610 juvenali
709 3539 738 3595 in
753 3557 879 3616 corpore
892 3538 996 3615 pellor.

178 3623 277 3690 Quem
292 3625 378 3681 simul
394 3645 430 3682 sc
443 3625 573 3686 Juturne
586 3650 671 3687 soror
685 3633 879 3689 crebrescere
897 3631 967 3689 vidit

178 3718 360 3788 Sermonem,
377 3727 406 3776 et
421 3721 502 3796 vulgi
516 3723 633 3780 veriore
647 3724 779 3782 lubentio
793 3726 894 3796 corda,

177 3808 211 3866 In
227 3811 339 3868 medias
354 3812 445 3882 ecies,
462 3812 586 3872 formem
600 3817 771 3875 assimulato
787 3819 931 3890 Camerti,

176 3900 236 3960 cui
251 3924 346 3980 genus
359 3925 377 3962 e
391 3908 509 3982 proruis
524 3908 640 3986 ingens,
657 3912 829 3987 clerumque
845 3920 977 3988 paternis
1107 3911 1166 3970 225

176 3994 204 4052 N
207 4014 292 4052 omen
309 4006 373 4055 erot
389 4000 515 4071 virtutis,
531 4002 639 4078 etipse
654 4005 816 4061 acerrimus
832 4005 932 4076 ermis,

176 4088 210 4147 In
225 4091 338 4148 medios
352 4093 402 4151 det
416 4115 483 4153 sese
498 4096 591 4166 ecies,
607 4098 684 4155 haud
699 4099 802 4156 nescio
820 4117 930 4172 rerum,

175 4184 384 4266 Rumoresque
398 4192 470 4250 serit
484 4192 594 4265 varios,
611 4212 647 4251 ne
663 4194 733 4252 tolio
748 4194 847 4252 sotor:
