2692 5122
175 396 216 452 γε
261 372 263 377 ’
456 389 483 436 ι».
508 388 676 436 vrncrnrr
700 389 873 438 masonis

176 528 334 607 Improbus
347 528 509 608 ingluviem
524 529 665 606 ranisque
679 529 856 606 loquacibus
870 531 978 608 explet.

175 622 340 701 Postquam
354 631 460 682 exona
479 624 575 701 palus,
590 631 741 699 terraeque
756 624 862 682 ardore
876 625 1043 699 dehiscunt,

175 716 285 776 Exsilit
304 717 333 775 in
348 717 472 787 siccum,
489 725 529 788 et,
545 716 727 774 flammantia
740 717 851 775 lumina
863 727 1016 796 torquens,

177 810 268 870 Saevit
282 810 374 889 agris,
391 829 539 888 asperque
553 811 601 869 siti
616 818 705 886 atque
720 811 879 870 exterritus
894 821 979 873 aestu.

176 904 226 965 Ne
240 905 311 963 mihi
324 912 386 962 tum
400 904 504 962 molles
518 905 574 961 sub
589 904 656 962 divo
671 924 797 983 carpere
812 926 941 979 somnos,
1107 911 1167 968 4³5

177 999 247 1058 Neu
261 999 349 1058 dorso
362 999 493 1057 nemoris
506 998 597 1056 libeat
614 999 747 1074 jacuisse
763 1020 816 1078 per
829 1000 938 1060 herbas
953 1004 960 1060 l

177 1092 290 1165 Quum,
307 1092 410 1171 positis
423 1111 518 1150 novus
533 1093 648 1150 exuviis
661 1093 830 1170 nitidusque
848 1095 983 1170 juventi,

176 1186 326 1260 Volvitur,
343 1195 394 1246 aut
408 1187 524 1246 catulos
542 1188 629 1245 tectis
644 1200 695 1246 aut
710 1208 767 1247 ova
784 1190 967 1267 relinquens,

177 1280 301 1341 Arduus
316 1281 353 1341 ed
368 1282 462 1340 solem
476 1289 505 1339 et
519 1281 629 1360 linguis
643 1282 733 1340 micat
747 1302 800 1341 ore
813 1284 955 1344 trisulcis.

216 1375 391 1434 Morborum
407 1394 526 1452 quoque
539 1382 569 1433 te
584 1395 694 1434 causes
708 1384 737 1434 et
752 1378 839 1455 signa
853 1378 977 1438 docebo.
1110 1381 1170 1438 440

177 1470 289 1548 Turpis
304 1489 375 1528 ores
389 1477 484 1528 tentat
498 1469 628 1542 scabies,
645 1470 696 1528 ubi
711 1471 836 1549 frigidus
850 1473 945 1530 imber

178 1565 279 1625 Altius
294 1565 331 1623 ad
346 1564 444 1622 vivum
459 1563 600 1641 persedit,
617 1571 646 1621 et
661 1564 781 1623 horrida
795 1584 871 1623 cano

177 1658 291 1719 Bruma
304 1659 374 1738 gelu
389 1677 396 1728 ;
421 1659 468 1718 vel
483 1677 573 1736 quum
586 1659 680 1716 tonsis
694 1657 793 1716 illotus
808 1659 931 1716 adhaesit

179 1754 286 1826 Sudor,
303 1761 332 1812 et
346 1753 452 1811 hirsuti
469 1762 630 1812 secuerunt
645 1772 771 1831 corpora
785 1772 901 1831 vepres.

177 1845 326 1908 Dulcibus
341 1847 453 1906 idcirco
466 1846 564 1906 fluviis
583 1866 675 1925 pecus
690 1866 776 1905 omne
790 1846 924 1925 magistri
1111 1849 1172 1906 445

180 1938 377 2014 Perfundunt,
393 1940 519 2018 udisque
535 1941 613 2000 aries
628 1942 659 1999 in
673 1941 792 2020 gurgite
807 1941 884 1999 villis

178 2034 343 2107 Mersatur,
359 2036 527 2114 missusque
542 2035 675 2095 secundo
689 2035 791 2094 defluit
806 2035 885 2093 amni
900 2053 908 2091 t

179 2129 242 2189 Aut
256 2138 375 2189 tonsum
387 2131 465 2189 tristi
483 2132 658 2210 contingunt
673 2150 783 2207 corpus
798 2127 931 2201 amurca,

178 2223 221 2283 Et
235 2244 357 2302 spumas
370 2225 496 2284 miscent
510 2226 637 2303 argenti,
653 2225 779 2300 vivaque
794 2223 918 2294 sulfura,

180 2316 339 2395 Idaeasque
353 2319 446 2395 pices,
463 2328 492 2376 et
507 2319 634 2397 pingues
648 2318 780 2394 unguine
795 2336 892 2388 ceras,
1113 2319 1173 2376 450

181 2410 372 2486 Scillamque,
388 2410 618 2486 helleborosque
632 2430 751 2488 graves,
768 2411 946 2488 nigrumque
960 2411 1100 2470 bitumen.

180 2501 250 2563 Non
264 2512 363 2562 tamen
379 2504 440 2561 ulla
453 2503 551 2580 magis
564 2522 697 2581 praesens
712 2503 831 2561 fortuna
845 2503 980 2562 laborum
994 2511 1052 2576 est,

181 2595 284 2663 Quam
297 2597 323 2655 si
339 2597 405 2673 quis
419 2597 499 2655 serro
513 2597 606 2674 potuit
625 2596 798 2654 rescindere
815 2615 961 2654 summum

180 2689 300 2749 Ulceris
315 2709 371 2748 os:
395 2690 484 2748 alitur
495 2690 608 2762 vitium,
625 2690 756 2766 vivitque
771 2691 900 2767 tegendo
916 2709 923 2759 3
1021 2713 1024 2717 ·

180 2784 263 2845 Dum
280 2786 413 2845 medicas
427 2785 570 2844 adhibere
584 2805 690 2844 manus
705 2786 742 2844 ad
756 2787 880 2845 vulnera
895 2795 996 2865 pastor
1115 2790 1175 2848 455

181 2879 333 2959 Abnegat,
350 2887 400 2939 aut
415 2879 539 2938 meliora
552 2879 624 2938 deos
639 2880 722 2938 sedet
737 2880 835 2939 omina
850 2901 987 2957 poscens.

182 2973 378 3046 Quinetiam,
396 2973 455 3033 irna
469 2973 553 3032 dolor
566 2971 719 3032 balantrim
737 2974 840 3052 lapsus
855 2975 891 3032 ad
906 2995 975 3033 ossa

182 3068 285 3137 Quum
298 3068 378 3142 furit,
395 3076 485 3145 atque
500 3076 584 3127 artus
598 3067 770 3146 depascitur
784 3069 868 3127 arida
883 3069 986 3141 febris,

182 3163 297 3222 Profuit
312 3163 451 3222 incensos
466 3171 557 3222 aestus
571 3170 719 3235 avertere,
736 3170 766 3221 ct
780 3163 857 3220 inter

183 3256 248 3316 Ima
265 3257 354 3314 sarira
368 3257 452 3334 pedis
466 3257 622 3314 salientem
636 3257 781 3334 sanguine
796 3275 903 3314 venam
920 3275 928 3326 ;
1115 3258 1176 3316 460

182 3349 305 3408 Bisaltae
321 3369 380 3425 quo
393 3368 476 3407 mora
490 3350 598 3420 solent,
615 3369 747 3425 acerque
762 3349 908 3420 Gelonus,

176 3441 286 3523 'Quum
301 3442 375 3520 sugit
389 3441 420 3499 in
432 3441 612 3520 Rhodopen,
629 3450 719 3519 atque
734 3442 763 3500 in
778 3442 899 3501 deserta
912 3443 1070 3515 Getarum,

183 3534 224 3594 Et
238 3535 286 3593 lac
301 3542 474 3594 concretum
488 3554 555 3593 cum
569 3536 717 3614 sanguine
732 3543 813 3613 potat
828 3537 946 3613 equino.

224 3629 324 3698 Quam
338 3629 442 3707 procul
457 3637 507 3688 aut
521 3630 603 3688 molli
616 3629 780 3688 succedere
795 3630 905 3708 saepius
919 3633 1031 3690 umbra

183 3720 315 3794 Videris,
332 3731 382 3782 aut
396 3742 527 3781 summas
541 3731 714 3800 carpentem
729 3723 866 3802 ignavius
879 3724 1000 3796 herbas,
1116 3726 1177 3782 465

183 3815 419 3893 Extremamque
433 3817 529 3893 sequi,
547 3824 596 3874 aut
610 3817 708 3875 medio
729 3819 925 3894 procumbere
940 3836 1046 3896 campo

184 3908 373 3981 Pascentem,
391 3917 420 3968 et
434 3929 511 3969 serae
525 3910 621 3968 solam
634 3910 782 3970 decedere
797 3911 877 3970 nocti
893 3931 900 3981 ;

186 4002 338 4063 Continuo
353 4004 471 4081 culpam
484 4004 563 4063 ferro
578 4023 746 4081 compesce,
764 4006 937 4082 priusquam

184 4096 261 4157 Dira
280 4116 334 4176 per
346 4097 498 4156 incautum
513 4105 635 4176 serpant
649 4099 790 4176 contagia
803 4098 920 4178 vulgus.

184 4188 255 4252 Nou
268 4199 330 4252 tam
343 4193 452 4253 creber
465 4211 560 4272 agens
573 4191 701 4251 hiemem
715 4191 774 4251 ruit
789 4211 910 4269 aequore
923 4193 1022 4267 turbo,
1116 4197 1177 4253 470
