2692 5122
208 357 249 416 32
495 350 522 398 Ρ.
542 348 708 396 VillGlLll
731 348 903 397 menonis

572 646 763 714 ECLOGA
786 645 830 713 X.

626 809 777 862 nunnus.

209 953 399 1017 maranus
412 952 501 1027 bunc,
517 953 681 1026 Arethusa,
697 954 767 1014 mihi
781 952 913 1012 concedo
927 953 1069 1012 laborem.

208 1047 314 1108 Pauca
327 1067 393 1106 meo
407 1046 508 1120 Gallo,
524 1048 578 1106 sed
594 1068 660 1125 quae
674 1048 754 1126 legat
769 1047 834 1124 ipsa
845 1046 984 1124 Lycoris,

210 1141 354 1213 Carmina
368 1150 436 1199 sunt
450 1140 595 1199 dicenda:
618 1149 708 1219 neget
728 1141 794 1216 quis
807 1141 941 1198 carmina
952 1139 1043 1199 Gallo
1058 1137 1069 1195 ?

210 1235 260 1294 Sic
273 1235 336 1306 tibi,
355 1252 444 1310 quum
457 1234 566 1292 fluctus
579 1231 785 1293 subterlabere
800 1233 935 1306 Sicanos,

209 1327 302 1387 Doris
316 1347 418 1385 amara
432 1346 517 1385 suam
530 1347 589 1385 non
604 1327 805 1385 intermisceat
820 1326 938 1385 undam.
1174 1327 1194 1384 5

209 1419 313 1498 Incipe
330 1440 338 1490 ;
362 1420 504 1479 sollicitos
518 1419 600 1478 Galli
614 1419 748 1478 dicamus
762 1439 889 1490 amores,

209 1513 290 1573 Dum
303 1522 408 1572 tenera
422 1512 573 1571 attondent
587 1513 669 1570 simae
684 1513 812 1591 virgulta
825 1513 959 1590 capellis.

210 1606 239 1666 N
243 1626 280 1665 on
292 1607 426 1665 canimus
446 1604 543 1663 surdis
558 1624 566 1674 ;
590 1605 768 1683 respondent
782 1606 880 1663 omnia
894 1605 985 1663 silvas.

250 1698 327 1767 Quae
341 1717 472 1771 nemora,
489 1708 540 1758 aut
555 1699 605 1776 qui
619 1719 671 1756 vos
686 1699 779 1757 saltus
792 1696 936 1770 habuere,
952 1699 1058 1776 puellae

208 1793 238 1853 N
241 1792 334 1864 eides,
349 1792 471 1870 indigno
486 1811 575 1869 quum
588 1791 696 1851 Gallus
708 1811 807 1849 amore
822 1792 932 1869 periret
945 1793 957 1848 ?
1156 1795 1195 1852 10

208 1886 238 1946 N
240 1906 287 1944 am
301 1904 398 1963 neque
413 1885 554 1945 Parnassi
568 1885 653 1943 vobis
662 1885 747 1963 juga,
764 1904 832 1943 nam
846 1904 944 1961 neque
958 1885 1046 1944 Pindi

207 1979 278 2038 Ulla
290 1999 402 2039 moram
416 1976 528 2049 fecere,
543 1998 640 2054 neque
655 1980 753 2037 Aonia
766 1979 933 2056 Aganippe.

208 2071 295 2131 lllum
310 2073 399 2131 etiarn
412 2072 500 2143 lauri,
514 2072 603 2130 etiam
617 2070 727 2131 flevere
741 2072 862 2148 myricae
879 2089 887 2141 ;

207 2166 320 2226 Pinifer
334 2168 416 2226 illum
430 2168 521 2225 etiam
534 2165 601 2225 solia
613 2167 667 2224 sub
682 2185 756 2242 rupe
766 2166 917 2242 jacentem

207 2259 366 2331 Maenalus,
382 2268 412 2317 et
425 2259 516 2336 gelidi
530 2258 676 2316 fleverunt
690 2277 763 2315 saxa
776 2256 890 2334 Lycaei.
1158 2258 1194 2317 15

208 2353 294 2411 Stant
307 2361 336 2410 et
350 2370 422 2409 oves
435 2350 558 2420 cii-obm,
572 2351 664 2408 nostri
678 2369 735 2407 nec
749 2350 872 2425 poenitet
885 2350 974 2419 illaa3

207 2444 275 2505 Nee
293 2453 323 2502 te
338 2443 478 2521 poeniteat
494 2442 621 2518 pecoris,
637 2441 734 2499 divine
749 2444 858 2518 poeta:

206 2537 248 2597 Et
262 2537 408 2595 formosus
420 2553 493 2592 oves
511 2533 548 2591 ad
564 2533 684 2591 flumina
698 2535 777 2611 pavit
791 2533 914 2594 Adonis.

246 2629 337 2687 Venit
352 2638 383 2686 et
397 2627 486 2705 upilio
503 2645 511 2695 ;
533 2626 612 2685 tardi
626 2623 736 2686 vendre
751 2627 872 2685 bubulci
887 2646 895 2697 ;

206 2721 321 2780 Uvidus
334 2719 462 2779 hibernii
474 2720 554 2778 venit
568 2719 605 2778 de
618 2719 727 2798 glande
741 2719 907 2780 Menalcas.
1152 2725 1194 2782 20

207 2815 329 2886 Omnes,
345 2812 462 2872 “Unde
477 2832 560 2872 amor
573 2813 665 2885 iste,'’
678 2822 794 2892 rogant,
811 2819 831 2844 “
841 2814 894 2872 tibi
907 2813 943 2870 ?”
962 2815 1054 2873 Venit
1066 2816 1189 2894 Apollo;

210 2909 340 2982 “Galle,
356 2910 427 2987 qnid
440 2909 552 2968 insanis
569 2909 603 2965 ?'’
622 2909 739 2985 inquit:
765 2915 847 2967 “tua
861 2929 936 2969 cura
948 2910 1076 2987 Lycoris

206 3000 326 3080 Perque
340 3003 425 3061 nives
437 3003 528 3061 alium
542 3021 654 3080 perque
669 3001 790 3060 horrida
803 3012 904 3061 castra
917 3012 1022 3062 secuta
1035 3005 1116 3064 est.”

206 3095 298 3156 Venit
312 3106 342 3155 et
356 3097 469 3176 agresti
482 3096 588 3174 eapitis
602 3096 739 3155 Silvanus
753 3097 877 3167 honore,
950 3132 957 3141 -
1080 3108 1087 3121 '

205 3189 364 3249 Florentes
379 3189 489 3248 ferulas
503 3198 533 3247 et
546 3188 673 3267 grandia
686 3189 748 3248 lilia
762 3210 918 3266 quassans.
1151 3193 1192 3250 25

205 3282 281 3355 Pan,
297 3284 372 3343 deus
384 3283 535 3354 Arcadiae,
553 3283 652 3352 venit;
678 3302 765 3359 quem
780 3284 905 3342 vidimus
919 3283 975 3362 ipsi

206 3376 385 3455 Sanguineis
399 3375 479 3433 ebuli
497 3376 599 3434 baccis
613 3376 762 3452 minioque
776 3378 931 3435 rubentem
945 3396 954 3435 :

208 3469 356 3545 “Ecquis
370 3469 426 3526 erit
440 3468 545 3527 modus
561 3469 595 3525 ?’'
615 3469 709 3543 inquit
725 3488 733 3539 ;
761 3475 780 3501 ‘⁸
790 3470 884 3556 Amor
896 3489 956 3535 non
970 3470 1043 3530 talia
1057 3477 1162 3532 curat:

205 3561 234 3622 N
237 3582 272 3620 ec
286 3562 426 3638 lacrymis
440 3563 570 3620 crudelis
584 3563 687 3634 Amor,
703 3582 759 3621 nec
773 3564 910 3641 gramina
923 3563 1004 3635 rivis,

205 3654 272 3715 Nec
286 3655 381 3732 cytiso
395 3663 567 3714 saturantur
582 3675 664 3734 apes,
681 3676 737 3715 nec
752 3656 855 3715 fronde
870 3658 1027 3735 capellm.’'
1151 3662 1192 3718 30

243 3748 353 3806 Tristis
367 3756 396 3806 st
410 3749 460 3807 ille
474 3768 482 3818 ;
512 3748 662 3808 “Tamen
683 3750 852 3822 cantabitis,
866 3751 1038 3822 Arcades,'’
1051 3751 1158 3831 inquit,

208 3840 392 3900 “Montibus
405 3841 470 3901 haec
484 3842 592 3902 vestris
605 3862 613 3913 ;
637 3843 692 3902 soli
707 3852 830 3908 cantare
844 3844 931 3921 periti

170 3954 173 3959 ·
204 3933 348 3994 Arcades.
391 3933 421 3993 0
434 3936 504 3995 mibi
517 3944 580 3995 tum
595 3937 684 4013 qudnn
698 3938 825 3996 molliter
838 3956 908 3996 ossa
922 3938 1089 4014 quiescant,

204 4026 315 4087 Vestra
329 4047 411 4087 meos
424 4029 494 4087 olim
506 4030 532 4088 si
546 4031 646 4088 fistula
659 4030 739 4089 dicat
754 4050 871 4089 amores
886 4033 893 4088 !

204 4121 303 4198 Atque
317 4121 430 4181 utinam
443 4141 481 4181 ex
493 4123 578 4181 vobis
592 4142 680 4194 unus,
696 4124 846 4199 vestrique
861 4123 982 4183 fuissem
1149 4128 1189 4187 ³5

204 4216 264 4275 Aut
277 4223 379 4276 custos
392 4216 505 4296 gregis,
521 4223 573 4276 aut
585 4225 711 4276 mature
725 4216 832 4276 vinitor
845 4235 910 4276 uve
924 4220 931 4277 l
