2692 5122
176 385 235 444 ξω
463 381 489 429 P.
513 379 677 427 v1aom11
704 376 875 427 hannonis

174 521 330 598 Augustus
344 520 460 592 Caesar,
474 519 643 597 divigenus
656 537 664 588 ;
688 535 781 576 aurea
794 514 901 575 condet

176 614 294 671 Saecula
309 614 358 690 qui
370 633 474 672 rursus
487 613 586 683 Latio,
600 621 726 690 regnata
740 629 792 687 per
805 627 879 667 arva

122 728 124 733 ¹
176 707 304 765 Saturno
319 706 465 783 quondam
481 725 489 776 ;
512 724 603 782 super
616 714 646 763 et
660 705 859 763 Garamantas
872 711 902 758 et
917 697 1009 760 Indos

174 797 311 858 Proferet
324 800 478 877 imperium
492 819 499 856 :
517 801 600 875 jacet
614 806 698 856 extra
710 796 810 855 sidera
821 794 920 865 tellus,
1041 822 1044 829 ·
1096 794 1159 855 '195

175 892 271 951 Extra
284 895 353 952 anni
366 894 496 970 solisque
510 893 585 964 vias,
601 892 652 950 ubi
665 890 782 950 coelifer
793 889 880 946 Atlas

176 987 272 1044 Axem
285 986 408 1045 humero
422 994 540 1062 torquet
554 986 647 1043 stellis
666 983 836 1043 ardentibus
850 989 960 1058 aptum.

176 1077 278 1155 Hujus
289 1079 319 1136 in
334 1078 492 1139 adventum
501 1079 564 1154 jam
577 1097 657 1136 nunc
675 1085 704 1134 et
719 1074 833 1151 Caspia
847 1092 943 1152 regna

176 1171 342 1250 Responsis
355 1171 475 1231 horrent
490 1169 598 1242 divium,
614 1179 644 1229 et
658 1169 780 1228 Maeotia
791 1167 890 1237 tellus,

177 1262 219 1323 Et
232 1265 455 1343 septemgemini
468 1268 587 1323 turbant
601 1264 716 1342 trepida
728 1263 805 1321 ostia
817 1261 846 1319 N
848 1261 890 1320 ili.
1098 1261 1159 1322 80⁰

177 1358 244 1417 Nec
258 1358 330 1416 verd
345 1359 467 1418 Alcides
481 1359 592 1417 tantirm
606 1358 721 1416 telluris
734 1356 835 1426 obivit,
939 1416 946 1427 ,

177 1450 291 1509 Fixerit
306 1451 464 1528 aeripedem
478 1471 596 1510 cervam
610 1450 690 1521 licet,
706 1457 756 1507 aut
769 1446 947 1525 Erymanthi

178 1541 299 1600 Pacarit
313 1563 443 1614 nemora,
459 1551 489 1600 et
501 1542 632 1601 Lernam
646 1541 845 1600 tremefecerit
860 1557 954 1598 arcu:

178 1635 255 1706 Nec,
272 1635 323 1712 qui
336 1636 498 1712 pampineis
513 1636 607 1693 victor
625 1635 700 1712 juga
712 1634 802 1692 flectit
817 1632 951 1704 habenis,

177 1726 279 1799 Liber,
296 1746 390 1806 agens
404 1729 485 1787 celso
499 1729 527 1787 N
528 1748 591 1806 ysae
605 1728 643 1785 de
657 1727 768 1786 vertice
781 1727 884 1805 tigres.
1089 1723 1159 1784 Μ

177 1820 217 1878 Et
231 1821 399 1879 dubitamus
413 1821 512 1879 adhuc
525 1822 662 1880 virtutem
676 1819 835 1878 extendere
850 1817 961 1877 factis?

176 1914 238 1971 Aut
252 1922 348 1972 metus
360 1913 497 1973 Ausonii
512 1915 646 1992 prohibet
660 1914 823 1972 consistere
837 1910 943 1971 terrai?

180 2004 257 2073 Quis
271 2006 374 2084 procul
388 2007 437 2065 ille
453 2015 551 2065 autem
565 2008 655 2065 ramis
669 2007 793 2084 insignis
808 2006 905 2077 olivae,

179 2103 273 2159 Sacra
286 2102 384 2160 ferens
398 2103 409 2158 ?
430 2122 520 2162 nosco
534 2102 632 2161 onnes
645 2103 811 2178 incanaque
826 2107 926 2159 menta

178 2193 274 2271 Regis
288 2195 426 2266 Romani,
443 2195 554 2273 primus
568 2195 617 2272 qui
631 2196 748 2273 legibus
761 2195 865 2252 urbem
1099 2193 1159 2252 810

178 2285 338 2357 Fundabit,
356 2286 488 2347 Curibus
503 2289 602 2366 parvis
616 2297 644 2347 et
659 2306 790 2365 paupere
803 2284 887 2344 terris

178 2378 290 2435 Missus
304 2380 334 2436 iu
348 2380 500 2457 imperium
515 2399 663 2458 magnum,
705 2380 766 2440 Cui
779 2378 885 2438 deinde
898 2378 1019 2450 subibit,

179 2469 249 2528 Otia
263 2472 313 2546 qui
326 2482 441 2547 rumpet
456 2474 570 2547 patriae,
586 2473 759 2546 residesque
774 2472 902 2528 movebit

178 2561 285 2620 Tullus
298 2563 328 2620 in
342 2581 424 2619 arma
438 2564 527 2633 viros,
545 2571 574 2619 et
590 2564 653 2638 jam
667 2563 791 2621 desueta
810 2562 965 2640 triumphis

178 2655 316 2732 Agmina.
359 2654 458 2721 Quem
473 2656 560 2730 juxta
580 2657 715 2733 sequitur
731 2657 892 2732 jactantior
904 2658 1019 2727 Ancus,
1101 2657 1159 2717 did

179 2748 208 2806 N
212 2767 269 2806 unc
284 2768 401 2825 quoque
419 2749 480 2824 jam
495 2750 614 2808 nimium
628 2750 762 2828 gaudeus
777 2749 967 2827 popularibus
981 2749 1072 2810 auris.

178 2841 235 2899 Vis
249 2850 278 2898 et
292 2842 473 2918 Tarquinios
486 2861 585 2920 reges,
602 2844 788 2920 animamque
805 2844 963 2920 superbam

179 2934 290 2992 Ultoris
304 2934 399 3006 Bruti,
416 2936 573 3012 fascesque
588 2936 688 2994 videre
702 2945 839 3012 receptos
856 2936 867 2991 ἰ

162 3093 165 3098 ,
180 3026 321 3087 Consulis
335 3028 488 3106 imperium
502 3030 550 3087 hic
565 3031 675 3106 primus
689 3048 844 3105 saevasque
859 3048 983 3088 secures

178 3123 336 3198 Accipiet3
359 3132 504 3200 natosque
519 3131 614 3199 pater,
631 3143 708 3181 nova
721 3123 799 3181 bella
819 3131 982 3196 moventes,
1100 3125 1161 3184 820

179 3213 226 3272 Ad
240 3234 358 3290 poenam
373 3215 498 3292 pulchri
512 3236 565 3292 pro
579 3217 715 3274 libertate
729 3216 855 3276 vocabit.

179 3306 285 3365 Infelix
301 3310 307 3364 !
330 3317 490 3384 utcumque
506 3309 601 3366 ferent
616 3329 652 3367 ea
665 3310 745 3367 facta
759 3309 898 3380 minores,

180 3398 292 3458 Vincet
307 3420 389 3458 amor
403 3401 516 3477 patriar,
533 3401 711 3478 laudumque
726 3402 868 3460 immensa
884 3403 1001 3481 cupido.

179 3493 261 3560 Quin
274 3493 398 3564 Decios,
415 3494 591 3569 Drusosque
606 3495 718 3571 procul,
736 3514 906 3572 saevumque
920 3495 1022 3554 securi

179 3586 308 3663 Adspice
322 3585 518 3663 Torquatum,
535 3600 563 3645 ct
578 3587 755 3645 referentem
769 3588 856 3665 signa
870 3588 1041 3649 Camillum.
1102 3590 1160 3649 02⁶

179 3677 243 3736 Illae
258 3688 366 3750 autem,
383 3680 504 3755 paribus
520 3700 592 3757 quas
607 3681 721 3758 fulgere
742 3683 840 3739 cernis
854 3683 883 3740 in
898 3683 999 3755 armis,

179 3770 353 3831 Concordes
368 3773 473 3831 animae
487 3793 577 3846 nunc,
593 3783 622 3832 et
636 3774 704 3831 dum
719 3785 805 3832 nocte
821 3784 1002 3852 prementur,

178 3862 248 3921 Heu
266 3867 273 3921 !
295 3875 437 3940 quantum
451 3867 527 3925 inter
541 3887 573 3925 se
587 3867 707 3938 bellum,
723 3869 748 3925 si
763 3869 873 3926 lumina
887 3870 955 3927 vitae

177 3957 348 4034 Attigerint,
366 3967 492 4035 quantos
506 3962 587 4019 acies
602 3970 791 4038 stragemque
807 3963 927 4021 ciebunt
941 3966 948 4020 l

177 4049 349 4127 Aggeribus
363 4072 450 4110 socer
465 4054 580 4131 Alpinis
595 4063 684 4130 atque
699 4074 768 4111 arce
784 4055 921 4114 Monoeci
1102 4057 1158 4120 ow

177 4141 374 4205 Descendens
387 4164 395 4216 ;
420 4167 515 4225 gener
528 4148 661 4207 adversis
675 4148 836 4208 instructus
850 4148 935 4209 Eois.
