<?xml version="1.0" encoding="UTF-8"?>
<!DOCTYPE html PUBLIC "-//W3C//DTD XHTML 1.0 Transitional//EN"
    "http://www.w3.org/TR/xhtml1/DTD/xhtml1-transitional.dtd">
<html xmlns="http://www.w3.org/1999/xhtml" xml:lang="en" lang="en">
 <head>
  <title>
</title>
<meta http-equiv="Content-Type" content="text/html;charset=utf-8" />
  <meta name='ocr-system' content='tesseract 3.04.00' />
  <meta name='ocr-capabilities' content='ocr_page ocr_carea ocr_par ocr_line ocrx_word'/>
</head>
<body>
  <div class='ocr_page' id='page_1' title='image "./pvirgiliimaroni00bowegoog_0209.png"; bbox 0 0 2692 5122; ppageno 0'>
   <div class='ocr_carea' id='block_1_1' title="bbox 178 357 871 421">
    <p class='ocr_par' dir='ltr' id='par_1_1' title="bbox 178 357 871 421">
     <span class='ocr_line' id='line_1_1' title="bbox 178 357 871 421; baseline 0 -12"><span class='ocrx_word' id='word_1_1' title='bbox 178 365 232 421; x_wconf 75' lang='lat'><strong>198</strong></span> <span class='ocrx_word' id='word_1_2' title='bbox 462 357 488 404; x_wconf 89' lang='lat' dir='ltr'><strong>P.</strong></span> <span class='ocrx_word' id='word_1_3' title='bbox 509 358 674 405; x_wconf 83' lang='lat' dir='ltr'><strong>VIRGILll</strong></span> <span class='ocrx_word' id='word_1_4' title='bbox 698 359 871 409; x_wconf 73' lang='lat' dir='ltr'>MAROMS</span> 
     </span>
    </p>
   </div>
   <div class='ocr_carea' id='block_1_2' title="bbox 175 495 1004 2646">
    <p class='ocr_par' dir='ltr' id='par_1_2' title="bbox 175 495 891 670">
     <span class='ocr_line' id='line_1_2' title="bbox 175 495 877 558; baseline 0.007 -4"><span class='ocrx_word' id='word_1_5' title='bbox 175 496 242 554; x_wconf 87' lang='lat' dir='ltr'><strong>Nec</strong></span> <span class='ocrx_word' id='word_1_6' title='bbox 257 495 328 552; x_wconf 83' lang='lat' dir='ltr'><strong>verd</strong></span> <span class='ocrx_word' id='word_1_7' title='bbox 344 495 470 553; x_wconf 84' lang='lat' dir='ltr'><strong>Alciden</strong></span> <span class='ocrx_word' id='word_1_8' title='bbox 485 517 531 554; x_wconf 90' lang='lat' dir='ltr'><strong>me</strong></span> <span class='ocrx_word' id='word_1_9' title='bbox 547 516 611 555; x_wconf 86' lang='lat' dir='ltr'><strong>sum</strong></span> <span class='ocrx_word' id='word_1_10' title='bbox 625 497 744 558; x_wconf 74' lang='lat' dir='ltr'><strong>letatus</strong></span> <span class='ocrx_word' id='word_1_11' title='bbox 757 509 877 558; x_wconf 88' lang='lat' dir='ltr'><strong>euntem</strong></span> 
     </span>
     <span class='ocr_line' id='line_1_3' title="bbox 175 589 891 670; baseline 0.008 -24"><span class='ocrx_word' id='word_1_12' title='bbox 175 589 340 666; x_wconf 80' lang='lat' dir='ltr'>Accepisse</span> <span class='ocrx_word' id='word_1_13' title='bbox 353 590 433 660; x_wconf 90' lang='lat' dir='ltr'><strong>lacu,</strong></span> <span class='ocrx_word' id='word_1_14' title='bbox 450 610 506 648; x_wconf 92' lang='lat' dir='ltr'><strong>nec</strong></span> <span class='ocrx_word' id='word_1_15' title='bbox 521 591 643 648; x_wconf 87' lang='lat' dir='ltr'><strong>Thesea</strong></span> <span class='ocrx_word' id='word_1_16' title='bbox 656 592 891 670; x_wconf 89' lang='lat' dir='ltr'><strong>Pirithoumque,</strong></span> 
     </span>
    </p>

    <p class='ocr_par' dir='ltr' id='par_1_3' title="bbox 175 682 1004 950">
     <span class='ocr_line' id='line_1_4' title="bbox 175 682 1004 762; baseline 0.005 -20"><span class='ocrx_word' id='word_1_17' title='bbox 175 682 233 742; x_wconf 88' lang='lat' dir='ltr'><strong>Dis</strong></span> <span class='ocrx_word' id='word_1_18' title='bbox 248 703 419 760; x_wconf 82' lang='lat' dir='ltr'><strong>quanquam</strong></span> <span class='ocrx_word' id='word_1_19' title='bbox 434 685 527 762; x_wconf 84' lang='lat' dir='ltr'><strong>geniti</strong></span> <span class='ocrx_word' id='word_1_20' title='bbox 541 694 632 762; x_wconf 93' lang='lat' dir='ltr'><strong>atque</strong></span> <span class='ocrx_word' id='word_1_21' title='bbox 647 686 749 743; x_wconf 89' lang='lat' dir='ltr'><strong>invicti</strong></span> <span class='ocrx_word' id='word_1_22' title='bbox 763 688 873 745; x_wconf 87' lang='lat' dir='ltr'><strong>viribus</strong></span> <span class='ocrx_word' id='word_1_23' title='bbox 893 695 1004 746; x_wconf 85' lang='lat' dir='ltr'><strong>essent.</strong></span> 
     </span>
     <span class='ocr_line' id='line_1_5' title="bbox 175 777 966 858; baseline 0.006 -23"><span class='ocrx_word' id='word_1_24' title='bbox 175 777 356 835; x_wconf 83' lang='lat' dir='ltr'><strong>Tartareum</strong></span> <span class='ocrx_word' id='word_1_25' title='bbox 371 777 420 834; x_wconf 88' lang='lat' dir='ltr'><strong>illa</strong></span> <span class='ocrx_word' id='word_1_26' title='bbox 435 797 523 836; x_wconf 91' lang='lat' dir='ltr'><strong>manu</strong></span> <span class='ocrx_word' id='word_1_27' title='bbox 538 780 692 837; x_wconf 85' lang='lat' dir='ltr'>custodem</span> <span class='ocrx_word' id='word_1_28' title='bbox 707 781 735 837; x_wconf 93' lang='lat' dir='ltr'><strong>in</strong></span> <span class='ocrx_word' id='word_1_29' title='bbox 751 781 849 838; x_wconf 86' lang='lat' dir='ltr'><strong>vincla</strong></span> <span class='ocrx_word' id='word_1_30' title='bbox 864 781 966 858; x_wconf 85' lang='lat' dir='ltr'><strong>petivit</strong></span> 
     </span>
     <span class='ocr_line' id='line_1_6' title="bbox 176 870 879 950; baseline 0.003 -21"><span class='ocrx_word' id='word_1_31' title='bbox 176 870 273 949; x_wconf 86' lang='lat' dir='ltr'>Ipsius</span> <span class='ocrx_word' id='word_1_32' title='bbox 288 891 306 928; x_wconf 91' lang='lat' dir='ltr'><strong>a</strong></span> <span class='ocrx_word' id='word_1_33' title='bbox 321 871 395 929; x_wconf 88' lang='lat' dir='ltr'><strong>solio</strong></span> <span class='ocrx_word' id='word_1_34' title='bbox 410 873 500 950; x_wconf 87' lang='lat' dir='ltr'><strong>regis,</strong></span> <span class='ocrx_word' id='word_1_35' title='bbox 516 873 665 949; x_wconf 82' lang='lat' dir='ltr'><strong>traxitque</strong></span> <span class='ocrx_word' id='word_1_36' title='bbox 680 882 855 931; x_wconf 86' lang='lat' dir='ltr'><strong>trementem</strong></span> <span class='ocrx_word' id='word_1_37' title='bbox 871 893 879 931; x_wconf 76' lang='grc' dir='ltr'><em>τ</em></span> 
     </span>
    </p>

    <p class='ocr_par' dir='ltr' id='par_1_4' title="bbox 175 965 966 1224">
     <span class='ocr_line' id='line_1_7' title="bbox 175 965 906 1027; baseline 0.003 -3"><span class='ocrx_word' id='word_1_38' title='bbox 175 966 218 1024; x_wconf 83' lang='grc' dir='ltr'>Ηί</span> <span class='ocrx_word' id='word_1_39' title='bbox 234 966 382 1023; x_wconf 89' lang='lat' dir='ltr'><strong>dominam</strong></span> <span class='ocrx_word' id='word_1_40' title='bbox 396 965 476 1024; x_wconf 92' lang='lat' dir='ltr'><strong>Ditis</strong></span> <span class='ocrx_word' id='word_1_41' title='bbox 490 967 619 1025; x_wconf 82' lang='lat' dir='ltr'><strong>thalamo</strong></span> <span class='ocrx_word' id='word_1_42' title='bbox 634 968 785 1025; x_wconf 84' lang='lat' dir='ltr'><strong>deducere</strong></span> <span class='ocrx_word' id='word_1_43' title='bbox 800 969 906 1027; x_wconf 87' lang='lat' dir='ltr'><strong>adorti.</strong></span> 
     </span>
     <span class='ocr_line' id='line_1_8' title="bbox 176 1059 966 1140; baseline 0.001 -22"><span class='ocrx_word' id='word_1_44' title='bbox 176 1059 253 1126; x_wconf 75' lang='lat' dir='ltr'><strong>Quae</strong></span> <span class='ocrx_word' id='word_1_45' title='bbox 269 1068 374 1118; x_wconf 89' lang='lat' dir='ltr'><strong>contra</strong></span> <span class='ocrx_word' id='word_1_46' title='bbox 388 1061 518 1118; x_wconf 86' lang='lat' dir='ltr'><strong>breviter</strong></span> <span class='ocrx_word' id='word_1_47' title='bbox 532 1061 653 1119; x_wconf 72' lang='lat' dir='ltr'><strong>latarest</strong></span> <span class='ocrx_word' id='word_1_48' title='bbox 666 1062 847 1140; x_wconf 82' lang='lat' dir='ltr'><strong>Amphrysia</strong></span> <span class='ocrx_word' id='word_1_49' title='bbox 863 1070 966 1120; x_wconf 86' lang='lat' dir='ltr'><strong>vates:</strong></span> 
     </span>
     <span class='ocr_line' id='line_1_9' title="bbox 175 1142 865 1224; baseline 0 -12"><span class='ocrx_word' id='word_1_50' title='bbox 175 1153 205 1212; x_wconf 94' lang='lat' dir='ltr'>N</span> <span class='ocrx_word' id='word_1_51' title='bbox 208 1155 275 1213; x_wconf 82' lang='lat' dir='ltr'><strong>ullae</strong></span> <span class='ocrx_word' id='word_1_52' title='bbox 290 1153 340 1212; x_wconf 85' lang='lat' dir='ltr'><strong>hic</strong></span> <span class='ocrx_word' id='word_1_53' title='bbox 355 1154 469 1213; x_wconf 76' lang='lat' dir='ltr'><strong>insidiae</strong></span> <span class='ocrx_word' id='word_1_54' title='bbox 483 1156 581 1223; x_wconf 82' lang='lat' dir='ltr'><strong>tales3</strong></span> <span class='ocrx_word' id='word_1_55' title='bbox 606 1156 716 1213; x_wconf 86' lang='lat' dir='ltr'><strong>absiste</strong></span> <span class='ocrx_word' id='word_1_56' title='bbox 731 1142 844 1212; x_wconf 80' lang='lat' dir='ltr'><strong>moveri</strong></span> <span class='ocrx_word' id='word_1_57' title='bbox 858 1175 865 1224; x_wconf 89' lang='lat'>;</span> 
     </span>
    </p>

    <p class='ocr_par' dir='ltr' id='par_1_5' title="bbox 175 1250 967 1609">
     <span class='ocr_line' id='line_1_10' title="bbox 176 1250 967 1329; baseline 0.004 -21"><span class='ocrx_word' id='word_1_58' title='bbox 176 1250 242 1308; x_wconf 87' lang='lat' dir='ltr'><strong>Nec</strong></span> <span class='ocrx_word' id='word_1_59' title='bbox 258 1251 317 1308; x_wconf 89' lang='lat' dir='ltr'><strong>vim</strong></span> <span class='ocrx_word' id='word_1_60' title='bbox 329 1251 392 1308; x_wconf 88' lang='lat' dir='ltr'><strong>tela</strong></span> <span class='ocrx_word' id='word_1_61' title='bbox 406 1251 524 1309; x_wconf 89' lang='lat' dir='ltr'><strong>serunt:</strong></span> <span class='ocrx_word' id='word_1_62' title='bbox 547 1252 616 1308; x_wconf 88' lang='lat' dir='ltr'><strong>licet</strong></span> <span class='ocrx_word' id='word_1_63' title='bbox 631 1252 738 1329; x_wconf 86' lang='lat' dir='ltr'><strong>ingens</strong></span> <span class='ocrx_word' id='word_1_64' title='bbox 754 1251 867 1327; x_wconf 89' lang='lat' dir='ltr'><strong>janitor</strong></span> <span class='ocrx_word' id='word_1_65' title='bbox 881 1260 967 1311; x_wconf 89' lang='lat' dir='ltr'><strong>antro</strong></span> 
     </span>
     <span class='ocr_line' id='line_1_11' title="bbox 175 1343 936 1422; baseline 0.003 -21"><span class='ocrx_word' id='word_1_66' title='bbox 175 1343 339 1402; x_wconf 82' lang='lat' dir='ltr'><strong>AEterniim</strong></span> <span class='ocrx_word' id='word_1_67' title='bbox 353 1345 466 1402; x_wconf 86' lang='lat' dir='ltr'><strong>latrans</strong></span> <span class='ocrx_word' id='word_1_68' title='bbox 480 1364 652 1422; x_wconf 84' lang='lat' dir='ltr'><strong>exsangues</strong></span> <span class='ocrx_word' id='word_1_69' title='bbox 665 1354 776 1402; x_wconf 87' lang='lat' dir='ltr'><strong>terreat</strong></span> <span class='ocrx_word' id='word_1_70' title='bbox 792 1347 912 1404; x_wconf 86' lang='lat' dir='ltr'><strong>umbras</strong></span> <span class='ocrx_word' id='word_1_71' title='bbox 927 1365 936 1415; x_wconf 90' lang='lat'>;</span> 
     </span>
     <span class='ocr_line' id='line_1_12' title="bbox 177 1436 890 1515; baseline 0 -18"><span class='ocrx_word' id='word_1_72' title='bbox 177 1436 272 1497; x_wconf 87' lang='lat' dir='ltr'><strong>Casta</strong></span> <span class='ocrx_word' id='word_1_73' title='bbox 286 1439 357 1496; x_wconf 88' lang='lat' dir='ltr'><strong>licet</strong></span> <span class='ocrx_word' id='word_1_74' title='bbox 371 1439 469 1515; x_wconf 90' lang='lat' dir='ltr'><strong>patrui</strong></span> <span class='ocrx_word' id='word_1_75' title='bbox 483 1448 582 1496; x_wconf 87' lang='lat' dir='ltr'><strong>servet</strong></span> <span class='ocrx_word' id='word_1_76' title='bbox 596 1440 777 1515; x_wconf 83' lang='lat' dir='ltr'><strong>Proserpina</strong></span> <span class='ocrx_word' id='word_1_77' title='bbox 791 1440 890 1497; x_wconf 88' lang='lat' dir='ltr'><strong>limen.</strong></span> 
     </span>
     <span class='ocr_line' id='line_1_13' title="bbox 175 1530 858 1609; baseline 0.003 -21"><span class='ocrx_word' id='word_1_78' title='bbox 175 1530 289 1589; x_wconf 87' lang='lat' dir='ltr'><strong>Troius</strong></span> <span class='ocrx_word' id='word_1_79' title='bbox 303 1532 433 1602; x_wconf 87' lang='lat' dir='ltr'><strong>AEneas,</strong></span> <span class='ocrx_word' id='word_1_80' title='bbox 452 1533 559 1608; x_wconf 86' lang='lat' dir='ltr'><strong>pietate</strong></span> <span class='ocrx_word' id='word_1_81' title='bbox 575 1532 699 1609; x_wconf 86' lang='lat' dir='ltr'><strong>insignis</strong></span> <span class='ocrx_word' id='word_1_82' title='bbox 713 1541 742 1589; x_wconf 90' lang='lat' dir='ltr'><strong>et</strong></span> <span class='ocrx_word' id='word_1_83' title='bbox 758 1533 858 1604; x_wconf 90' lang='lat' dir='ltr'><strong>armis,</strong></span> 
     </span>
    </p>

    <p class='ocr_par' dir='ltr' id='par_1_6' title="bbox 176 1625 966 1798">
     <span class='ocr_line' id='line_1_14' title="bbox 176 1625 966 1704; baseline 0.003 -20"><span class='ocrx_word' id='word_1_84' title='bbox 176 1626 224 1684; x_wconf 85' lang='lat' dir='ltr'><strong>Ad</strong></span> <span class='ocrx_word' id='word_1_85' title='bbox 239 1627 404 1704; x_wconf 84' lang='lat' dir='ltr'><strong>genitorem</strong></span> <span class='ocrx_word' id='word_1_86' title='bbox 420 1627 494 1682; x_wconf 90' lang='lat' dir='ltr'><strong>imas</strong></span> <span class='ocrx_word' id='word_1_87' title='bbox 508 1626 604 1683; x_wconf 89' lang='lat' dir='ltr'><strong>Erebi</strong></span> <span class='ocrx_word' id='word_1_88' title='bbox 617 1625 770 1683; x_wconf 90' lang='lat' dir='ltr'><strong>descendit</strong></span> <span class='ocrx_word' id='word_1_89' title='bbox 786 1627 822 1683; x_wconf 91' lang='lat' dir='ltr'><strong>ad</strong></span> <span class='ocrx_word' id='word_1_90' title='bbox 837 1627 966 1686; x_wconf 86' lang='lat' dir='ltr'><strong>umbras.</strong></span> 
     </span>
     <span class='ocr_line' id='line_1_15' title="bbox 177 1719 823 1798; baseline 0 -20"><span class='ocrx_word' id='word_1_91' title='bbox 177 1719 210 1778; x_wconf 87' lang='lat' dir='ltr'><strong>si</strong></span> <span class='ocrx_word' id='word_1_92' title='bbox 223 1728 253 1779; x_wconf 89' lang='lat' dir='ltr'><strong>te</strong></span> <span class='ocrx_word' id='word_1_93' title='bbox 268 1721 349 1778; x_wconf 89' lang='lat' dir='ltr'><strong>nulla</strong></span> <span class='ocrx_word' id='word_1_94' title='bbox 364 1729 461 1777; x_wconf 90' lang='lat' dir='ltr'><strong>movet</strong></span> <span class='ocrx_word' id='word_1_95' title='bbox 475 1728 566 1777; x_wconf 83' lang='lat' dir='ltr'><strong>tantae</strong></span> <span class='ocrx_word' id='word_1_96' title='bbox 582 1720 700 1797; x_wconf 89' lang='lat' dir='ltr'><strong>pietatis</strong></span> <span class='ocrx_word' id='word_1_97' title='bbox 715 1721 823 1798; x_wconf 88' lang='lat' dir='ltr'><strong>imago,</strong></span> 
     </span>
    </p>

    <p class='ocr_par' dir='ltr' id='par_1_7' title="bbox 176 1815 1004 2646">
     <span class='ocr_line' id='line_1_16' title="bbox 176 1815 999 1894; baseline 0 -21"><span class='ocrx_word' id='word_1_98' title='bbox 176 1817 217 1873; x_wconf 81' lang='lat' dir='ltr'><strong>At</strong></span> <span class='ocrx_word' id='word_1_99' title='bbox 231 1834 346 1872; x_wconf 88' lang='lat' dir='ltr'><strong>ramum</strong></span> <span class='ocrx_word' id='word_1_100' title='bbox 360 1816 439 1873; x_wconf 90' lang='lat' dir='ltr'><strong>bunc</strong></span> <span class='ocrx_word' id='word_1_101' title='bbox 457 1815 566 1893; x_wconf 88' lang='lat' dir='ltr'><strong>(aperit</strong></span> <span class='ocrx_word' id='word_1_102' title='bbox 580 1834 694 1872; x_wconf 90' lang='lat' dir='ltr'><strong>ramum</strong></span> <span class='ocrx_word' id='word_1_103' title='bbox 711 1816 760 1890; x_wconf 92' lang='lat' dir='ltr'><strong>qui</strong></span> <span class='ocrx_word' id='word_1_104' title='bbox 776 1825 858 1872; x_wconf 85' lang='lat' dir='ltr'><strong>veste</strong></span> <span class='ocrx_word' id='word_1_105' title='bbox 871 1815 999 1894; x_wconf 81' lang='lat' dir='ltr'><strong>latebat)</strong></span> 
     </span>
     <span class='ocr_line' id='line_1_17' title="bbox 176 1907 968 1988; baseline 0.003 -22"><span class='ocrx_word' id='word_1_106' title='bbox 176 1910 346 1988; x_wconf 77' lang='lat' dir='ltr'><strong>Agnosces.</strong></span> <span class='ocrx_word' id='word_1_107' title='bbox 388 1909 518 1967; x_wconf 84' lang='lat' dir='ltr'><strong>Tumida</strong></span> <span class='ocrx_word' id='word_1_108' title='bbox 532 1928 569 1966; x_wconf 89' lang='lat' dir='ltr'><strong>ex</strong></span> <span class='ocrx_word' id='word_1_109' title='bbox 582 1907 629 1967; x_wconf 71' lang='lat' dir='ltr'><strong>iris</strong></span> <span class='ocrx_word' id='word_1_110' title='bbox 642 1917 704 1966; x_wconf 91' lang='lat' dir='ltr'><strong>tum</strong></span> <span class='ocrx_word' id='word_1_111' title='bbox 719 1910 810 1967; x_wconf 91' lang='lat' dir='ltr'><strong>corda</strong></span> <span class='ocrx_word' id='word_1_112' title='bbox 825 1908 968 1968; x_wconf 86' lang='lat' dir='ltr'><strong>residunt.</strong></span> 
     </span>
     <span class='ocr_line' id='line_1_18' title="bbox 176 2003 1004 2080; baseline 0.001 -19"><span class='ocrx_word' id='word_1_113' title='bbox 176 2003 206 2062; x_wconf 91' lang='lat' dir='ltr'>N</span> <span class='ocrx_word' id='word_1_114' title='bbox 209 2023 244 2061; x_wconf 89' lang='lat' dir='ltr'><strong>ec</strong></span> <span class='ocrx_word' id='word_1_115' title='bbox 260 2004 414 2080; x_wconf 85' lang='lat' dir='ltr'><strong>plorabis.</strong></span> <span class='ocrx_word' id='word_1_116' title='bbox 458 2004 524 2074; x_wconf 91' lang='lat' dir='ltr'><strong>Ille,</strong></span> <span class='ocrx_word' id='word_1_117' title='bbox 541 2003 691 2060; x_wconf 89' lang='lat' dir='ltr'><strong>admirans</strong></span> <span class='ocrx_word' id='word_1_118' title='bbox 706 2003 878 2060; x_wconf 84' lang='lat' dir='ltr'><strong>venerabile</strong></span> <span class='ocrx_word' id='word_1_119' title='bbox 893 2003 1004 2062; x_wconf 88' lang='lat' dir='ltr'><strong>donum</strong></span> 
     </span>
     <span class='ocr_line' id='line_1_19' title="bbox 177 2090 867 2178; baseline -0.001 -21"><span class='ocrx_word' id='word_1_120' title='bbox 177 2099 292 2157; x_wconf 87' lang='lat' dir='ltr'><strong>Fatalis</strong></span> <span class='ocrx_word' id='word_1_121' title='bbox 307 2099 410 2178; x_wconf 72' lang='lat' dir='ltr'><strong>virgae,</strong></span> <span class='ocrx_word' id='word_1_122' title='bbox 428 2100 517 2176; x_wconf 85' lang='lat' dir='ltr'><strong>longo</strong></span> <span class='ocrx_word' id='word_1_123' title='bbox 534 2098 599 2176; x_wconf 81' lang='lat' dir='ltr'><strong>pdst</strong></span> <span class='ocrx_word' id='word_1_124' title='bbox 613 2090 746 2175; x_wconf 84' lang='lat' dir='ltr'><strong>tempore</strong></span> <span class='ocrx_word' id='word_1_125' title='bbox 762 2100 867 2169; x_wconf 87' lang='lat' dir='ltr'><strong>visum,</strong></span> 
     </span>
     <span class='ocr_line' id='line_1_20' title="bbox 178 2193 988 2272; baseline -0.002 -18"><span class='ocrx_word' id='word_1_126' title='bbox 178 2193 349 2255; x_wconf 81' lang='lat' dir='ltr'><strong>Caeruleam</strong></span> <span class='ocrx_word' id='word_1_127' title='bbox 364 2194 491 2252; x_wconf 89' lang='lat' dir='ltr'><strong>advertit</strong></span> <span class='ocrx_word' id='word_1_128' title='bbox 507 2194 636 2272; x_wconf 89' lang='lat' dir='ltr'><strong>puppim,</strong></span> <span class='ocrx_word' id='word_1_129' title='bbox 653 2194 785 2270; x_wconf 86' lang='lat' dir='ltr'><strong>ripaeque</strong></span> <span class='ocrx_word' id='word_1_130' title='bbox 802 2194 988 2270; x_wconf 87' lang='lat' dir='ltr'><strong>propinquat.</strong></span> 
     </span>
     <span class='ocr_line' id='line_1_21' title="bbox 178 2287 1000 2366; baseline 0 -20"><span class='ocrx_word' id='word_1_131' title='bbox 178 2287 252 2347; x_wconf 88' lang='lat' dir='ltr'><strong>Inde</strong></span> <span class='ocrx_word' id='word_1_132' title='bbox 268 2290 342 2346; x_wconf 91' lang='lat' dir='ltr'><strong>alias</strong></span> <span class='ocrx_word' id='word_1_133' title='bbox 357 2290 481 2359; x_wconf 90' lang='lat' dir='ltr'><strong>animas,</strong></span> <span class='ocrx_word' id='word_1_134' title='bbox 499 2309 565 2364; x_wconf 81' lang='lat' dir='ltr'><strong>quoe</strong></span> <span class='ocrx_word' id='word_1_135' title='bbox 581 2308 635 2365; x_wconf 91' lang='lat' dir='ltr'><strong>per</strong></span> <span class='ocrx_word' id='word_1_136' title='bbox 650 2289 726 2365; x_wconf 84' lang='lat' dir='ltr'><strong>juga</strong></span> <span class='ocrx_word' id='word_1_137' title='bbox 740 2289 829 2366; x_wconf 83' lang='lat' dir='ltr'><strong>longa</strong></span> <span class='ocrx_word' id='word_1_138' title='bbox 843 2288 1000 2359; x_wconf 88' lang='lat' dir='ltr'><strong>sedebant,</strong></span> 
     </span>
     <span class='ocr_line' id='line_1_22' title="bbox 177 2382 945 2458; baseline -0.001 -18"><span class='ocrx_word' id='word_1_139' title='bbox 177 2382 337 2454; x_wconf 89' lang='lat' dir='ltr'><strong>Deturbat,</strong></span> <span class='ocrx_word' id='word_1_140' title='bbox 353 2384 493 2458; x_wconf 85' lang='lat' dir='ltr'><strong>laxatque</strong></span> <span class='ocrx_word' id='word_1_141' title='bbox 509 2383 588 2440; x_wconf 90' lang='lat' dir='ltr'><strong>soros</strong></span> <span class='ocrx_word' id='word_1_142' title='bbox 602 2401 610 2450; x_wconf 84' lang='lat'>3</span> <span class='ocrx_word' id='word_1_143' title='bbox 634 2382 720 2439; x_wconf 91' lang='lat' dir='ltr'><strong>simul</strong></span> <span class='ocrx_word' id='word_1_144' title='bbox 736 2382 843 2458; x_wconf 91' lang='lat' dir='ltr'><strong>accipit</strong></span> <span class='ocrx_word' id='word_1_145' title='bbox 858 2382 945 2439; x_wconf 84' lang='lat' dir='ltr'><strong>alveo</strong></span> 
     </span>
     <span class='ocr_line' id='line_1_23' title="bbox 177 2475 989 2554; baseline -0.002 -20"><span class='ocrx_word' id='word_1_146' title='bbox 177 2476 334 2554; x_wconf 84' lang='lat' dir='ltr'><strong>Ingentem</strong></span> <span class='ocrx_word' id='word_1_147' title='bbox 348 2478 487 2535; x_wconf 87' lang='lat' dir='ltr'><strong>AEnean.</strong></span> <span class='ocrx_word' id='word_1_148' title='bbox 529 2475 651 2533; x_wconf 89' lang='lat' dir='ltr'><strong>Gemuit</strong></span> <span class='ocrx_word' id='word_1_149' title='bbox 666 2478 720 2532; x_wconf 92' lang='lat' dir='ltr'><strong>sub</strong></span> <span class='ocrx_word' id='word_1_150' title='bbox 736 2476 865 2552; x_wconf 89' lang='lat' dir='ltr'><strong>pondere</strong></span> <span class='ocrx_word' id='word_1_151' title='bbox 881 2475 989 2551; x_wconf 88' lang='lat' dir='ltr'><strong>cymba</strong></span> 
     </span>
     <span class='ocr_line' id='line_1_24' title="bbox 178 2569 889 2646; baseline -0.001 -18"><span class='ocrx_word' id='word_1_152' title='bbox 178 2570 290 2640; x_wconf 90' lang='lat' dir='ltr'><strong>Sutilis,</strong></span> <span class='ocrx_word' id='word_1_153' title='bbox 308 2579 336 2627; x_wconf 93' lang='lat' dir='ltr'><strong>et</strong></span> <span class='ocrx_word' id='word_1_154' title='bbox 351 2571 472 2626; x_wconf 91' lang='lat' dir='ltr'><strong>multam</strong></span> <span class='ocrx_word' id='word_1_155' title='bbox 487 2570 604 2646; x_wconf 91' lang='lat' dir='ltr'><strong>accepit</strong></span> <span class='ocrx_word' id='word_1_156' title='bbox 619 2569 729 2627; x_wconf 88' lang='lat' dir='ltr'><strong>rimosa</strong></span> <span class='ocrx_word' id='word_1_157' title='bbox 743 2569 889 2646; x_wconf 89' lang='lat' dir='ltr'><strong>paludem.</strong></span> 
     </span>
    </p>
   </div>
   <div class='ocr_carea' id='block_1_3' title="bbox 1105 783 1167 843">
    <p class='ocr_par' dir='ltr' id='par_1_8' title="bbox 1105 783 1167 843">
     <span class='ocr_line' id='line_1_25' title="bbox 1105 783 1167 843; baseline 0 0"><span class='ocrx_word' id='word_1_158' title='bbox 1105 783 1167 843; x_wconf 77' lang='grc'><strong>396</strong></span> 
     </span>
    </p>
   </div>
   <div class='ocr_carea' id='block_1_4' title="bbox 1106 1254 1167 1314">
    <p class='ocr_par' dir='ltr' id='par_1_9' title="bbox 1106 1254 1167 1314">
     <span class='ocr_line' id='line_1_26' title="bbox 1106 1254 1167 1314; baseline 0 0"><span class='ocrx_word' id='word_1_159' title='bbox 1106 1254 1167 1314; x_wconf 80' lang='lat'><strong>400</strong></span> 
     </span>
    </p>
   </div>
   <div class='ocr_carea' id='block_1_5' title="bbox 1107 1722 1167 1781">
    <p class='ocr_par' dir='ltr' id='par_1_10' title="bbox 1107 1722 1167 1781">
     <span class='ocr_line' id='line_1_27' title="bbox 1107 1722 1167 1781; baseline 0 0"><span class='ocrx_word' id='word_1_160' title='bbox 1107 1722 1167 1781; x_wconf 78' lang='lat'><strong>40⁵</strong></span> 
     </span>
    </p>
   </div>
   <div class='ocr_carea' id='block_1_6' title="bbox 1108 2194 1168 2252">
    <p class='ocr_par' dir='ltr' id='par_1_11' title="bbox 1108 2194 1168 2252">
     <span class='ocr_line' id='line_1_28' title="bbox 1108 2194 1168 2252; baseline 0 0"><span class='ocrx_word' id='word_1_161' title='bbox 1108 2194 1168 2252; x_wconf 81' lang='lat'><strong>410</strong></span> 
     </span>
    </p>
   </div>
   <div class='ocr_carea' id='block_1_7' title="bbox 177 2661 1170 2739">
    <p class='ocr_par' dir='ltr' id='par_1_12' title="bbox 177 2661 1170 2739">
     <span class='ocr_line' id='line_1_29' title="bbox 177 2661 1170 2739; baseline -0.001 -17"><span class='ocrx_word' id='word_1_162' title='bbox 177 2663 312 2722; x_wconf 90' lang='lat' dir='ltr'><strong>Tandem</strong></span> <span class='ocrx_word' id='word_1_163' title='bbox 326 2671 410 2720; x_wconf 90' lang='lat' dir='ltr'><strong>trans</strong></span> <span class='ocrx_word' id='word_1_164' title='bbox 424 2662 546 2720; x_wconf 88' lang='lat' dir='ltr'><strong>fluvium</strong></span> <span class='ocrx_word' id='word_1_165' title='bbox 561 2663 718 2720; x_wconf 89' lang='lat' dir='ltr'><strong>incolumis</strong></span> <span class='ocrx_word' id='word_1_166' title='bbox 733 2673 890 2739; x_wconf 88' lang='lat' dir='ltr'><strong>vatemque</strong></span> <span class='ocrx_word' id='word_1_167' title='bbox 904 2661 1061 2739; x_wconf 81' lang='lat' dir='ltr'><strong>virumque</strong></span> <span class='ocrx_word' id='word_1_168' title='bbox 1109 2662 1170 2721; x_wconf 76' lang='lat'><strong>416</strong></span> 
     </span>
    </p>
   </div>
   <div class='ocr_carea' id='block_1_8' title="bbox 176 2755 993 4240">
    <p class='ocr_par' dir='ltr' id='par_1_13' title="bbox 176 2755 993 4240">
     <span class='ocr_line' id='line_1_30' title="bbox 178 2755 843 2834; baseline -0.002 -19"><span class='ocrx_word' id='word_1_169' title='bbox 178 2757 299 2815; x_wconf 90' lang='lat' dir='ltr'><strong>Insormi</strong></span> <span class='ocrx_word' id='word_1_170' title='bbox 315 2757 383 2814; x_wconf 91' lang='lat' dir='ltr'><strong>limo</strong></span> <span class='ocrx_word' id='word_1_171' title='bbox 398 2756 569 2834; x_wconf 64' lang='lat' dir='ltr'><strong>glaucaque</strong></span> <span class='ocrx_word' id='word_1_172' title='bbox 584 2757 703 2833; x_wconf 88' lang='lat' dir='ltr'><strong>exponit</strong></span> <span class='ocrx_word' id='word_1_173' title='bbox 718 2757 747 2813; x_wconf 90' lang='lat' dir='ltr'><strong>in</strong></span> <span class='ocrx_word' id='word_1_174' title='bbox 763 2755 843 2814; x_wconf 65' lang='lat' dir='ltr'><strong>ulva.</strong></span> 
     </span>
     <span class='ocr_line' id='line_1_31' title="bbox 178 2849 900 2928; baseline -0.003 -19"><span class='ocrx_word' id='word_1_175' title='bbox 178 2850 333 2911; x_wconf 88' lang='lat' dir='ltr'><strong>Cerberus</strong></span> <span class='ocrx_word' id='word_1_176' title='bbox 348 2851 413 2908; x_wconf 86' lang='lat' dir='ltr'><strong>haec</strong></span> <span class='ocrx_word' id='word_1_177' title='bbox 429 2851 535 2928; x_wconf 85' lang='lat' dir='ltr'><strong>ingens</strong></span> <span class='ocrx_word' id='word_1_178' title='bbox 549 2851 657 2908; x_wconf 86' lang='lat' dir='ltr'><strong>latratu</strong></span> <span class='ocrx_word' id='word_1_179' title='bbox 673 2869 766 2927; x_wconf 88' lang='lat' dir='ltr'><strong>regna</strong></span> <span class='ocrx_word' id='word_1_180' title='bbox 781 2849 900 2907; x_wconf 84' lang='lat' dir='ltr'><strong>trifauci</strong></span> 
     </span>
     <span class='ocr_line' id='line_1_32' title="bbox 176 2943 942 3016; baseline -0.004 -12"><span class='ocrx_word' id='word_1_181' title='bbox 176 2944 333 3016; x_wconf 88' lang='lat' dir='ltr'><strong>Personat,</strong></span> <span class='ocrx_word' id='word_1_182' title='bbox 348 2943 474 3002; x_wconf 85' lang='lat' dir='ltr'><strong>adverso</strong></span> <span class='ocrx_word' id='word_1_183' title='bbox 488 2946 637 3001; x_wconf 88' lang='lat' dir='ltr'><strong>recubans</strong></span> <span class='ocrx_word' id='word_1_184' title='bbox 652 2943 788 3000; x_wconf 86' lang='lat' dir='ltr'><strong>immanis</strong></span> <span class='ocrx_word' id='word_1_185' title='bbox 803 2943 832 2999; x_wconf 92' lang='lat' dir='ltr'><strong>in</strong></span> <span class='ocrx_word' id='word_1_186' title='bbox 846 2954 942 3002; x_wconf 86' lang='lat' dir='ltr'><strong>antro.</strong></span> 
     </span>
     <span class='ocr_line' id='line_1_33' title="bbox 179 3037 934 3113; baseline -0.003 -16"><span class='ocrx_word' id='word_1_187' title='bbox 179 3037 238 3097; x_wconf 89' lang='lat' dir='ltr'><strong>Cui</strong></span> <span class='ocrx_word' id='word_1_188' title='bbox 254 3048 347 3109; x_wconf 86' lang='lat' dir='ltr'><strong>vatos,</strong></span> <span class='ocrx_word' id='word_1_189' title='bbox 365 3039 487 3096; x_wconf 88' lang='lat' dir='ltr'><strong>horrere</strong></span> <span class='ocrx_word' id='word_1_190' title='bbox 504 3039 607 3095; x_wconf 90' lang='lat' dir='ltr'><strong>videns</strong></span> <span class='ocrx_word' id='word_1_191' title='bbox 623 3038 686 3113; x_wconf 85' lang='lat' dir='ltr'><strong>jam</strong></span> <span class='ocrx_word' id='word_1_192' title='bbox 700 3038 778 3095; x_wconf 89' lang='lat' dir='ltr'><strong>colla</strong></span> <span class='ocrx_word' id='word_1_193' title='bbox 792 3038 934 3109; x_wconf 86' lang='lat' dir='ltr'><strong>colubris,</strong></span> 
     </span>
     <span class='ocr_line' id='line_1_34' title="bbox 177 3132 920 3210; baseline -0.004 -19"><span class='ocrx_word' id='word_1_194' title='bbox 177 3133 269 3192; x_wconf 92' lang='lat' dir='ltr'><strong>Melle</strong></span> <span class='ocrx_word' id='word_1_195' title='bbox 285 3142 454 3210; x_wconf 87' lang='lat' dir='ltr'><strong>soporatam</strong></span> <span class='ocrx_word' id='word_1_196' title='bbox 468 3143 497 3190; x_wconf 91' lang='lat' dir='ltr'><strong>et</strong></span> <span class='ocrx_word' id='word_1_197' title='bbox 512 3133 666 3190; x_wconf 87' lang='lat' dir='ltr'><strong>medicatis</strong></span> <span class='ocrx_word' id='word_1_198' title='bbox 681 3132 816 3208; x_wconf 84' lang='lat' dir='ltr'><strong>frugibus</strong></span> <span class='ocrx_word' id='word_1_199' title='bbox 830 3132 920 3188; x_wconf 84' lang='lat' dir='ltr'><strong>offam</strong></span> 
     </span>
     <span class='ocr_line' id='line_1_35' title="bbox 178 3225 976 3303; baseline -0.005 -18"><span class='ocrx_word' id='word_1_200' title='bbox 178 3227 287 3302; x_wconf 86' lang='lat' dir='ltr'><strong>Objicit</strong></span> <span class='ocrx_word' id='word_1_201' title='bbox 304 3246 310 3283; x_wconf 93' lang='lat'>:</span> <span class='ocrx_word' id='word_1_202' title='bbox 334 3228 394 3297; x_wconf 92' lang='lat' dir='ltr'><strong>ille,</strong></span> <span class='ocrx_word' id='word_1_203' title='bbox 412 3227 489 3284; x_wconf 85' lang='lat' dir='ltr'><strong>same</strong></span> <span class='ocrx_word' id='word_1_204' title='bbox 505 3226 611 3284; x_wconf 63' lang='lat' dir='ltr'><strong>rabidis</strong></span> <span class='ocrx_word' id='word_1_205' title='bbox 624 3227 682 3283; x_wconf 91' lang='lat' dir='ltr'><strong>tria</strong></span> <span class='ocrx_word' id='word_1_206' title='bbox 696 3235 817 3303; x_wconf 84' lang='lat' dir='ltr'><strong>guttura</strong></span> <span class='ocrx_word' id='word_1_207' title='bbox 832 3225 976 3301; x_wconf 88' lang='lat' dir='ltr'><strong>pandens,</strong></span> 
     </span>
     <span class='ocr_line' id='line_1_36' title="bbox 179 3318 981 3397; baseline -0.004 -19"><span class='ocrx_word' id='word_1_208' title='bbox 179 3320 311 3397; x_wconf 91' lang='lat' dir='ltr'><strong>Corripit</strong></span> <span class='ocrx_word' id='word_1_209' title='bbox 326 3320 483 3394; x_wconf 89' lang='lat' dir='ltr'><strong>objectam,</strong></span> <span class='ocrx_word' id='word_1_210' title='bbox 501 3328 590 3394; x_wconf 89' lang='lat' dir='ltr'><strong>atque</strong></span> <span class='ocrx_word' id='word_1_211' title='bbox 606 3320 744 3376; x_wconf 90' lang='lat' dir='ltr'><strong>immania</strong></span> <span class='ocrx_word' id='word_1_212' title='bbox 758 3327 844 3396; x_wconf 82' lang='lat' dir='ltr'><strong>terga</strong></span> <span class='ocrx_word' id='word_1_213' title='bbox 859 3318 981 3376; x_wconf 86' lang='lat' dir='ltr'><strong>resolvit</strong></span> 
     </span>
     <span class='ocr_line' id='line_1_37' title="bbox 178 3412 933 3489; baseline -0.003 -17"><span class='ocrx_word' id='word_1_214' title='bbox 178 3414 278 3472; x_wconf 88' lang='lat' dir='ltr'><strong>Fusus</strong></span> <span class='ocrx_word' id='word_1_215' title='bbox 292 3414 383 3483; x_wconf 91' lang='lat' dir='ltr'><strong>humi,</strong></span> <span class='ocrx_word' id='word_1_216' title='bbox 399 3422 521 3487; x_wconf 91' lang='lat' dir='ltr'><strong>totoque</strong></span> <span class='ocrx_word' id='word_1_217' title='bbox 536 3413 642 3489; x_wconf 85' lang='lat' dir='ltr'><strong>ingens</strong></span> <span class='ocrx_word' id='word_1_218' title='bbox 656 3412 824 3470; x_wconf 90' lang='lat' dir='ltr'><strong>extenditur</strong></span> <span class='ocrx_word' id='word_1_219' title='bbox 839 3419 933 3483; x_wconf 78' lang='lat' dir='ltr'><strong>antro.</strong></span> 
     </span>
     <span class='ocr_line' id='line_1_38' title="bbox 178 3506 869 3584; baseline -0.006 -19"><span class='ocrx_word' id='word_1_220' title='bbox 178 3506 316 3584; x_wconf 90' lang='lat' dir='ltr'><strong>Occupat</strong></span> <span class='ocrx_word' id='word_1_221' title='bbox 333 3507 448 3565; x_wconf 82' lang='lat' dir='ltr'><strong>AEneas</strong></span> <span class='ocrx_word' id='word_1_222' title='bbox 463 3506 585 3575; x_wconf 91' lang='lat' dir='ltr'><strong>aditum,</strong></span> <span class='ocrx_word' id='word_1_223' title='bbox 603 3506 726 3563; x_wconf 88' lang='lat' dir='ltr'><strong>custode</strong></span> <span class='ocrx_word' id='word_1_224' title='bbox 741 3506 869 3582; x_wconf 93' lang='lat' dir='ltr'><strong>sepulto,</strong></span> 
     </span>
     <span class='ocr_line' id='line_1_39' title="bbox 178 3599 876 3677; baseline -0.004 -17"><span class='ocrx_word' id='word_1_225' title='bbox 178 3602 347 3677; x_wconf 77' lang='lat' dir='ltr'><strong>Evaditque</strong></span> <span class='ocrx_word' id='word_1_226' title='bbox 363 3600 445 3658; x_wconf 89' lang='lat' dir='ltr'><strong>celer</strong></span> <span class='ocrx_word' id='word_1_227' title='bbox 461 3600 555 3676; x_wconf 90' lang='lat' dir='ltr'><strong>ripam</strong></span> <span class='ocrx_word' id='word_1_228' title='bbox 569 3600 765 3657; x_wconf 89' lang='lat' dir='ltr'><strong>irremeabilis</strong></span> <span class='ocrx_word' id='word_1_229' title='bbox 780 3599 876 3657; x_wconf 83' lang='lat' dir='ltr'><strong>undae.</strong></span> 
     </span>
     <span class='ocr_line' id='line_1_40' title="bbox 218 3693 921 3771; baseline -0.003 -18"><span class='ocrx_word' id='word_1_230' title='bbox 218 3695 370 3754; x_wconf 73' lang='lat' dir='ltr'><strong>Continuo</strong></span> <span class='ocrx_word' id='word_1_231' title='bbox 386 3694 494 3751; x_wconf 87' lang='lat' dir='ltr'><strong>auditae</strong></span> <span class='ocrx_word' id='word_1_232' title='bbox 509 3714 611 3764; x_wconf 89' lang='lat' dir='ltr'><strong>voces,</strong></span> <span class='ocrx_word' id='word_1_233' title='bbox 627 3695 744 3770; x_wconf 86' lang='lat' dir='ltr'><strong>vagitus</strong></span> <span class='ocrx_word' id='word_1_234' title='bbox 759 3701 788 3749; x_wconf 89' lang='lat' dir='ltr'><strong>et</strong></span> <span class='ocrx_word' id='word_1_235' title='bbox 803 3693 921 3771; x_wconf 84' lang='lat' dir='ltr'><strong>ingens,</strong></span> 
     </span>
     <span class='ocr_line' id='line_1_41' title="bbox 179 3786 920 3864; baseline -0.001 -18"><span class='ocrx_word' id='word_1_236' title='bbox 179 3786 387 3864; x_wconf 82' lang='lat' dir='ltr'><strong>Insantrimque</strong></span> <span class='ocrx_word' id='word_1_237' title='bbox 403 3789 508 3846; x_wconf 76' lang='lat' dir='ltr'><strong>animm</strong></span> <span class='ocrx_word' id='word_1_238' title='bbox 523 3789 629 3846; x_wconf 87' lang='lat' dir='ltr'><strong>flentes</strong></span> <span class='ocrx_word' id='word_1_239' title='bbox 644 3789 673 3846; x_wconf 92' lang='lat' dir='ltr'><strong>in</strong></span> <span class='ocrx_word' id='word_1_240' title='bbox 687 3788 787 3845; x_wconf 93' lang='lat' dir='ltr'><strong>limine</strong></span> <span class='ocrx_word' id='word_1_241' title='bbox 802 3787 897 3864; x_wconf 90' lang='lat' dir='ltr'><strong>primo</strong></span> <span class='ocrx_word' id='word_1_242' title='bbox 912 3807 920 3857; x_wconf 77' lang='lat'>3</span> 
     </span>
     <span class='ocr_line' id='line_1_42' title="bbox 180 3882 928 3959; baseline 0 -19"><span class='ocrx_word' id='word_1_243' title='bbox 180 3883 265 3950; x_wconf 80' lang='lat' dir='ltr'><strong>Quos</strong></span> <span class='ocrx_word' id='word_1_244' title='bbox 280 3882 376 3939; x_wconf 88' lang='lat' dir='ltr'><strong>dulcis</strong></span> <span class='ocrx_word' id='word_1_245' title='bbox 391 3882 458 3939; x_wconf 83' lang='lat' dir='ltr'><strong>vitae</strong></span> <span class='ocrx_word' id='word_1_246' title='bbox 474 3892 608 3940; x_wconf 87' lang='lat' dir='ltr'><strong>exsortes</strong></span> <span class='ocrx_word' id='word_1_247' title='bbox 622 3892 651 3939; x_wconf 89' lang='lat' dir='ltr'><strong>ct</strong></span> <span class='ocrx_word' id='word_1_248' title='bbox 666 3883 704 3939; x_wconf 87' lang='lat' dir='ltr'><strong>ab</strong></span> <span class='ocrx_word' id='word_1_249' title='bbox 719 3884 811 3939; x_wconf 90' lang='lat' dir='ltr'><strong>ubere</strong></span> <span class='ocrx_word' id='word_1_250' title='bbox 826 3889 928 3959; x_wconf 86' lang='lat' dir='ltr'><strong>raptos</strong></span> 
     </span>
     <span class='ocr_line' id='line_1_43' title="bbox 177 3977 893 4048; baseline -0.003 -12"><span class='ocrx_word' id='word_1_251' title='bbox 177 3977 309 4036; x_wconf 84' lang='lat' dir='ltr'><strong>Abstulit</strong></span> <span class='ocrx_word' id='word_1_252' title='bbox 324 3986 389 4033; x_wconf 90' lang='lat' dir='ltr'><strong>atra</strong></span> <span class='ocrx_word' id='word_1_253' title='bbox 404 3977 477 4048; x_wconf 90' lang='lat' dir='ltr'><strong>dies,</strong></span> <span class='ocrx_word' id='word_1_254' title='bbox 495 3986 523 4033; x_wconf 86' lang='lat' dir='ltr'><strong>et</strong></span> <span class='ocrx_word' id='word_1_255' title='bbox 538 3978 641 4035; x_wconf 88' lang='lat' dir='ltr'><strong>sunere</strong></span> <span class='ocrx_word' id='word_1_256' title='bbox 656 3977 758 4033; x_wconf 88' lang='lat' dir='ltr'><strong>mersit</strong></span> <span class='ocrx_word' id='word_1_257' title='bbox 773 3978 893 4034; x_wconf 87' lang='lat' dir='ltr'><strong>acerbo.</strong></span> 
     </span>
     <span class='ocr_line' id='line_1_44' title="bbox 179 4070 845 4147; baseline -0.005 -17"><span class='ocrx_word' id='word_1_258' title='bbox 179 4070 247 4130; x_wconf 89' lang='lat' dir='ltr'><strong>Hos</strong></span> <span class='ocrx_word' id='word_1_259' title='bbox 264 4072 349 4147; x_wconf 90' lang='lat' dir='ltr'><strong>juxta</strong></span> <span class='ocrx_word' id='word_1_260' title='bbox 364 4071 438 4128; x_wconf 82' lang='lat' dir='ltr'><strong>salso</strong></span> <span class='ocrx_word' id='word_1_261' title='bbox 453 4072 582 4129; x_wconf 88' lang='lat' dir='ltr'><strong>damnati</strong></span> <span class='ocrx_word' id='word_1_262' title='bbox 597 4071 719 4129; x_wconf 88' lang='lat' dir='ltr'><strong>crimine</strong></span> <span class='ocrx_word' id='word_1_263' title='bbox 734 4072 845 4128; x_wconf 89' lang='lat' dir='ltr'><strong>mortis.</strong></span> 
     </span>
     <span class='ocr_line' id='line_1_45' title="bbox 179 4164 993 4240; baseline 0 -14"><span class='ocrx_word' id='word_1_264' title='bbox 179 4166 246 4226; x_wconf 88' lang='lat' dir='ltr'><strong>Nec</strong></span> <span class='ocrx_word' id='word_1_265' title='bbox 261 4166 332 4225; x_wconf 81' lang='lat' dir='ltr'><strong>verb</strong></span> <span class='ocrx_word' id='word_1_266' title='bbox 347 4166 393 4225; x_wconf 83' lang='lat' dir='ltr'><strong>hae</strong></span> <span class='ocrx_word' id='word_1_267' title='bbox 407 4166 471 4225; x_wconf 89' lang='lat' dir='ltr'><strong>sine</strong></span> <span class='ocrx_word' id='word_1_268' title='bbox 486 4175 565 4226; x_wconf 88' lang='lat' dir='ltr'><strong>sorte</strong></span> <span class='ocrx_word' id='word_1_269' title='bbox 580 4166 669 4238; x_wconf 85' lang='lat' dir='ltr'><strong>datae,</strong></span> <span class='ocrx_word' id='word_1_270' title='bbox 685 4165 749 4223; x_wconf 88' lang='lat' dir='ltr'><strong>sine</strong></span> <span class='ocrx_word' id='word_1_271' title='bbox 765 4165 879 4240; x_wconf 87' lang='lat' dir='ltr'><strong>judice,</strong></span> <span class='ocrx_word' id='word_1_272' title='bbox 895 4164 993 4226; x_wconf 86' lang='lat' dir='ltr'><strong>sedes.</strong></span> 
     </span>
    </p>
   </div>
   <div class='ocr_carea' id='block_1_9' title="bbox 0 0 1357 5122">
    <p class='ocr_par' dir='ltr' id='par_1_14' title="bbox 0 0 1357 5122">
     <span class='ocr_line' id='line_1_46' title="bbox 0 0 1357 5122; baseline 0 0"><span class='ocrx_word' id='word_1_273' title='bbox 0 0 1357 5122; x_wconf 95' lang='lat' dir='ltr'><strong> </strong></span> 
     </span>
    </p>
   </div>
  </div>
 </body>
</html>
