2692 5122
194 400 255 458 ³1⁴
482 392 509 439 Ρ.
528 392 694 441 vinoun
716 391 889 445 annosus

198 534 293 592 Facta
306 533 411 592 serent.
454 533 533 593 Haec
547 533 612 591 dira
625 552 691 590 meo
704 533 774 592 dum
788 534 912 593 vulnere
927 533 1022 611 pestis

196 628 287 686 Pulsa
301 628 401 698 cadat,
419 628 531 704 patrias
547 629 687 685 remeabo
702 627 846 705 inglorius
860 628 959 686 urbes.

195 721 308 792 Audiit,
325 730 354 778 et
370 722 429 779 voti
442 720 576 780 Phoebus
590 720 754 779 succedere
769 728 884 799 partem
914 756 915 763 κ

193 814 296 873 Mente
312 814 401 884 dedit,
418 823 533 891 partem
549 815 687 872 volucres
701 814 839 891 dispersit
854 814 882 871 in
897 832 998 872 auras.
1127 815 1187 875 796

194 909 347 966 Sterneret
362 917 393 967 ut
407 907 508 966 subiti
520 910 669 965 turbatam
684 917 778 965 morte
793 906 963 978 Camillam,

192 1003 304 1060 Annuit
319 1003 436 1061 oranti:
460 1002 601 1060 reducem
614 1009 645 1059 ut
660 1001 756 1079 patria
770 1001 831 1059 alta
845 1000 969 1071 videret,

192 1095 261 1154 Non
276 1096 355 1154 dedit
372 1116 380 1166 ;
403 1097 493 1173 inque
506 1104 593 1155 notos
608 1114 711 1153 vocem
725 1092 843 1154 vertdre
858 1094 1008 1172 procellas.

192 1187 286 1267 Ergo,
305 1198 336 1247 ut
350 1190 440 1248 missa
454 1210 542 1247 manu
556 1190 685 1248 sonitum
698 1188 778 1247 dedit
790 1187 877 1246 basta
891 1207 945 1265 per
958 1205 1060 1259 auras,

191 1281 379 1342 Convertdra
395 1285 508 1341 animos
523 1303 621 1354 acres,
637 1283 799 1357 oculosque
814 1279 911 1340 tulino
1122 1282 1185 1341 800

191 1375 303 1435 Cuncti
317 1377 354 1434 ad
370 1378 505 1455 reginam
518 1377 633 1435 Volsci.
676 1376 758 1434 Nihil
773 1375 837 1454 ipsa
851 1393 948 1450 noque
963 1392 1046 1433 auro

190 1469 257 1527 Nec
271 1468 385 1528 sonittis
400 1490 522 1541 memor,
541 1479 589 1528 aut
605 1470 750 1527 venientis
765 1471 802 1526 nb
818 1469 929 1527 aetbere
943 1466 1019 1536 teli;

189 1562 290 1621 Hasta
304 1564 359 1620 sub
377 1572 524 1621 exsertam
539 1563 635 1621 donec
650 1563 764 1639 perlata
778 1562 916 1639 papillam

188 1655 297 1726 Haesit,
314 1657 542 1734 virgineumque
557 1656 616 1713 altd
633 1656 704 1713 bibit
719 1668 788 1713 acta
803 1673 951 1713 cruorem.

189 1750 382 1811 Concurrunt
396 1752 518 1829 trepidas
534 1753 667 1821 comites,
684 1751 891 1826 dominamque
907 1757 1043 1809 ruentem
1120 1750 1181 1809 θῶ

188 1845 369 1922 Suscipiunt.
411 1846 503 1924 Fugit
518 1855 587 1903 ante
601 1865 703 1904 omnes
717 1845 877 1902 exterritus
890 1845 1018 1914 Arruns,

185 1937 309 1998 Laetitia
321 1940 471 2016 mixtoque
486 1953 566 1997 metu
581 1958 589 2008 ;
612 1959 668 1997 nec
685 1940 747 2014 jam
761 1937 886 2014 amplius
900 1937 994 1995 bastae

187 2031 334 2104 Credere,
350 2053 407 2091 nec
421 2034 489 2091 telis
503 2052 665 2091 occurrere
678 2032 803 2109 virginis
818 2031 916 2088 audet.

185 2126 232 2183 Ac
247 2127 326 2183 velut
341 2127 400 2198 ille,
418 2127 500 2204 pribs
514 2125 601 2203 quim
615 2127 677 2183 tela
689 2126 809 2183 inimica
823 2130 998 2200 sequantur,

186 2216 336 2277 Continud
351 2220 381 2278 in
396 2229 510 2278 montes
524 2239 591 2277 sese
607 2222 691 2277 avius
706 2219 816 2276 abdidit
832 2219 918 2289 altos,
1116 2221 1179 2281 alu

184 2311 295 2370 Occiso
311 2324 440 2390 pastore,
458 2315 555 2389 lupus,
572 2333 718 2391 magnove
736 2314 877 2390 juvenco,

186 2405 334 2466 Conscius
350 2408 472 2465 audacis
487 2409 567 2478 sacti,
584 2409 771 2486 caudamque
786 2408 955 2467 remulcens

184 2501 316 2575 Subjocit
332 2501 510 2577 pavitantem
526 2511 622 2572 utero,
638 2503 788 2579 silvasque
804 2502 923 2579 petivit:

183 2591 276 2649 Haud
292 2612 380 2667 secus
394 2613 430 2650 ex
445 2594 540 2651 oculis
554 2614 587 2651 se
601 2595 736 2653 turbidus
751 2596 870 2652 abstulit
884 2595 1011 2665 Arruns,

184 2683 413 2760 Contentusque
428 2685 510 2762 fugai,
526 2687 631 2744 mediis
645 2707 677 2744 se
693 2689 850 2746 immiscuit
864 2688 964 2746 armis.
1113 2689 1174 2749 81⁵

223 2777 279 2835 Illa
293 2798 381 2836 manu
397 2780 525 2836 moriens
539 2780 630 2837 telum
644 2781 732 2838 trahit
749 2801 757 2849 ;
780 2800 852 2838 ossa
865 2781 919 2839 scd
936 2781 1013 2839 inter

183 2870 314 2929 Ferreus
329 2872 366 2928 ad
382 2882 481 2930 costas
496 2874 556 2930 alto
570 2880 628 2930 stat
642 2874 765 2931 vulnere
779 2893 892 2931 mucro.

181 2963 309 3022 Labitur
323 2967 494 3043 exsanguis,
512 2966 651 3024 labuntur
665 2966 772 3044 srigidn
786 2967 845 3024 leto

181 3058 309 3116 Luminn
327 3078 334 3127 ;
359 3079 524 3135 purpureus
539 3060 686 3135 quondam
701 3061 784 3117 color
797 3079 851 3118 ora
865 3060 994 3136 reliquit.

180 3153 260 3211 Tum
274 3155 318 3210 sio
332 3155 488 3231 exspirans
501 3156 626 3225 Accam,
643 3175 680 3214 ex
695 3156 861 3232 aequalibus
876 3174 974 3226 unum,
1112 3159 1174 3216 820

180 3246 360 3320 Alloquitur,
377 3247 437 3304 fida
451 3257 520 3305 anto
535 3248 610 3305 alias
625 3268 691 3324 quae
706 3250 771 3306 sola
785 3247 935 3320 Camillae,
1147 3219 1153 3261 ⁸

181 3337 313 3404 Quicum
328 3341 430 3416 partiri
445 3360 534 3399 curas
550 3360 558 3408 ;
583 3350 673 3418 atque
689 3343 753 3402 baro
768 3344 809 3400 ita
824 3343 920 3402 satur:

179 3429 349 3503 Hactenus,
366 3434 452 3490 Acca
465 3453 560 3504 soror,
578 3436 679 3511 potui:
702 3456 781 3494 nunc
796 3436 903 3495 vulnus
917 3437 1060 3497 acerbum

179 3521 320 3596 Cnnlicit,
336 3534 365 3582 et
380 3527 512 3584 tenebris
526 3527 699 3604 nigrescunt
714 3530 812 3587 omnia
825 3529 946 3588 circum.

179 3618 299 3693 Effuge,
317 3627 346 3675 et
360 3619 425 3677 baec
440 3619 544 3678 Turno
558 3622 697 3679 mandata
710 3623 872 3681 novissima
886 3623 984 3700 persei·
998 3641 1005 3681 τ
1108 3625 1170 3684 825

178 3712 326 3769 Succedat
342 3733 459 3791 pugnas,
475 3713 683 3790 ijanosque
699 3724 800 3775 arceat
815 3719 898 3774 urbe.

175 3804 306 3880 Jamque
320 3807 396 3864 vale.
440 3807 533 3865 Simul
547 3807 593 3865 his
606 3808 694 3866 dictis
707 3809 860 3886 linquebat
873 3811 1017 3882 habenas,

175 3899 222 3955 Ad
238 3908 349 3955 terrum
364 3919 421 3957 non
437 3909 541 3977 sponte
556 3901 661 3961 fluens.
704 3903 782 3962 Tum
797 3904 905 3981 frigida
918 3912 980 3962 toto

176 3991 323 4049 Paulatim
338 3993 461 4051 cxsolvit
476 4014 508 4051 sc
523 4014 660 4072 corpore,
676 3996 817 4073 lentaque
832 3998 910 4055 colla

176 4085 215 4144 Et
229 4094 348 4162 captum
363 4086 422 4144 loto
437 4089 534 4164 posuit
548 4098 648 4166 caput,
665 4109 750 4148 arma
762 4090 956 4166 relinquens;
1107 4097 1166 4155 8³0

176 4179 305 4256 vitaque
319 4198 387 4238 curu
401 4181 514 4260 gemitu
527 4180 602 4260 fugit
616 4182 770 4261 indignate
782 4186 837 4244 sub
852 4188 983 4247 umbras.
