2692 5122
179 398 239 457 Μ
468 393 495 439 Ρ.
516 392 682 439 vincunt
705 391 878 440 Muaoms

179 532 288 590 Pulsus
302 551 359 610 ego
376 530 387 586 ?
408 539 459 588 aut
474 531 631 607 quisquam
644 529 760 602 meritd,
777 529 947 599 soedissime,
962 527 1079 606 pulsum

180 625 306 703 Arguet,
325 625 418 682 lliaco
432 624 574 681 tumidum
591 624 640 699 qui
655 641 793 680 crescere
808 623 933 698 Tybrim

181 721 344 798 Sanguine,
360 728 389 776 et
404 719 536 777 Evandri
551 727 641 776 totam
656 718 724 776 curn
738 719 828 795 stirpe
844 717 953 774 videbit

179 810 379 871 Procubuisse
394 811 522 881 domum,
539 822 627 887 atque
643 820 748 868 exutos
762 808 898 867 Arcadas
913 808 1027 866 armis?
1106 807 1167 867 396

180 905 271 962 Haud
287 906 327 962 ita
341 925 387 963 me
402 906 515 982 experti
529 905 623 962 Bitias
637 913 666 961 et
680 904 836 961 Pandarus
851 903 966 980 ingens,

179 998 219 1057 Et
235 1019 309 1075 quos
323 1000 402 1057 mille
417 1000 464 1056 die
480 999 574 1056 victor
589 1000 642 1055 sub
657 998 787 1054 Tartara
802 996 877 1067 misi,

180 1091 319 1150 Inclusus
333 1093 435 1162 muris,
452 1092 609 1164 hostilique
622 1109 734 1168 aggere
756 1098 866 1166 septus.

179 1185 271 1243 Nulla
284 1186 366 1243 solus
380 1186 458 1243 bello
473 1187 479 1242 !
512 1183 622 1266 ⁴Capiti
638 1203 713 1241 cane
727 1184 799 1240 talia
811 1183 933 1240 demens

103 1343 109 1350 ,
179 1277 344 1350 Dardanio,
361 1281 512 1355 rebusque
527 1278 595 1336 tuis.
637 1277 766 1335 Proinde
781 1276 879 1333 omnia
892 1293 1002 1352 magno
1105 1275 1166 1332 ⁴1oe

179 1371 208 1430 N
211 1391 228 1429 e
243 1391 330 1429 cessa
343 1374 465 1429 turbare
480 1380 571 1441 metu,
588 1379 677 1445 atque
693 1370 834 1426 extollere
850 1369 928 1426 vires

179 1465 286 1523 Gentis
300 1465 345 1522 bis
359 1466 444 1523 victae
461 1485 469 1535 ;
493 1465 594 1523 contri
610 1483 743 1540 premere
759 1483 841 1521 arma
855 1462 965 1521 Latini.

178 1557 207 1616 N
211 1578 268 1615 unc
283 1567 312 1615 et
326 1558 544 1634 Myrmidonum
559 1576 700 1634 proceres
714 1557 846 1632 Phrygia
861 1575 942 1612 arma
956 1554 1143 1629 tremiscunt,

180 1649 269 1709 Nunc
285 1658 314 1707 et
327 1650 470 1726 Tydides,
488 1660 516 1706 et
530 1650 699 1707 Larissaeus
714 1649 869 1706 Achilles:

179 1742 285 1802 Amnis
299 1752 328 1800 et
343 1743 514 1801 Hadriacas
528 1754 608 1800 retro
623 1743 696 1820 sugit
711 1742 839 1800 Aufidus
853 1741 956 1800 undas.
1106 1741 1168 1801 406

178 1837 236 1894 Vel
251 1856 340 1912 quum
355 1856 387 1893 se
405 1836 542 1913 pavidum
557 1844 662 1893 contra
676 1854 742 1892 mea
752 1835 853 1911 jurgia
868 1834 951 1910 fingit

179 1930 312 1987 Artificis
327 1930 437 2000 scelus,
454 1938 482 1986 et
498 1929 651 1986 formidine
666 1929 778 1986 crimen
793 1929 924 1985 acerbat.

178 2022 340 2099 Nunquam
354 2023 482 2080 animam
495 2022 584 2079 talem
598 2021 704 2079 dextra
718 2020 787 2092 hele,
803 2021 914 2078 absiste
929 2020 1052 2093 moveri,

179 2116 307 2173 Amittes
324 2135 331 2186 ;
356 2116 468 2172 habitet
482 2125 591 2186 tecum,
606 2123 635 2172 et
649 2115 685 2172 sit
700 2123 821 2191 pectore
840 2114 869 2172 in
884 2115 949 2172 isto.

218 2209 247 2267 N
251 2230 309 2267 unc
323 2209 360 2266 ad
375 2217 415 2279 te,
433 2217 461 2265 ct
476 2217 528 2267 tua
543 2228 662 2287 magua,
679 2218 774 2285 pater,
792 2209 929 2266 consulta
942 2214 1084 2266 revertor.
1107 2207 1168 2266 410

180 2304 210 2361 Si
224 2304 335 2362 nullom
350 2304 457 2361 nostris
473 2302 549 2362 ultrd
562 2323 644 2380 spem
658 2304 742 2380 ponis
757 2304 786 2360 in
800 2303 899 2373 armis,

179 2396 210 2454 Si
224 2404 283 2454 tam
297 2397 406 2453 deserti
420 2416 533 2467 sumus,
550 2406 579 2454 et
593 2397 685 2453 semel
700 2397 816 2473 agmine
832 2416 917 2454 verso

177 2489 324 2547 Funditus
338 2490 512 2560 occidimus,
530 2509 626 2565 neque
641 2489 730 2546 habet
744 2489 879 2546 Fortuna
894 2508 1064 2567 regressum
1078 2508 1086 2560 ;

178 2581 306 2640 Oremus
321 2602 434 2659 pacem,
449 2591 478 2640 et
493 2582 611 2639 dextras
624 2582 780 2639 tendamus
796 2583 914 2640 inertes.

179 2674 368 2751 Quanquam,
385 2696 413 2745 o,
430 2676 455 2732 si
469 2676 562 2732 solitae
579 2675 738 2751 quidquam
753 2676 868 2732 virtutis
883 2675 1011 2747 adesset,
1106 2675 1168 2734 41⁶

179 2766 232 2825 llle
245 2769 316 2825 mihi
331 2776 398 2826 ante
415 2768 498 2838 ulios,
516 2769 741 2843 fortunatusque
756 2770 901 2839 laborum,

176 2860 388 2938 Egregiusque
404 2861 503 2932 animi,
521 2862 580 2938 qui,
597 2881 633 2919 ne
650 2862 718 2937 quid
732 2863 791 2919 tale
808 2862 930 2932 videret,

176 2953 340 3013 Procubuit
354 2955 494 3025 moriens,
510 2966 538 3011 et
553 2956 673 3012 humum
688 2955 779 3012 semel
794 2974 845 3012 ore
862 2953 1025 3015 momordit.

178 3048 229 3105 Sin
244 3056 273 3105 et
288 3067 359 3125 opes
373 3049 468 3120 nobis,
485 3057 514 3105 et
530 3048 625 3105 adhuc
641 3049 754 3105 intacta
764 3048 915 3122 juventus,

177 3142 358 3219 Auxilioque
375 3146 463 3201 urbes
479 3144 561 3202 ltaloe
577 3145 735 3221 populique
750 3151 907 3220 supersunt
922 3161 929 3211 ;
1105 3145 1168 3203 420

178 3236 228 3292 Sin
244 3244 272 3292 et
288 3236 429 3311 Trojanis
443 3257 510 3294 eum
526 3238 617 3294 multo
631 3237 727 3314 gloria
743 3236 821 3293 venit

178 3328 329 3405 Sanguine
345 3348 353 3397 ;
378 3339 445 3386 sunt
460 3331 517 3387 illis
532 3350 586 3387 sua
601 3330 717 3399 funera,
735 3348 847 3406 parque
865 3348 917 3407 per
931 3347 1034 3385 omnes

176 3420 352 3498 Tempestas
368 3441 375 3478 τ
398 3441 453 3479 cur
467 3422 622 3479 indecores
637 3422 665 3478 in
680 3423 778 3479 limine
794 3422 886 3500 primo

176 3516 341 3574 Deficimus
358 3516 368 3571 l
390 3535 444 3573 cur
458 3525 528 3574 ante
542 3519 642 3574 tubam
657 3525 768 3574 tremor
781 3525 908 3594 occupat
923 3526 1006 3576 artus
1021 3516 1032 3573 l

175 3608 272 3668 Multa
286 3609 359 3679 dies,
376 3608 510 3684 variique
525 3609 610 3666 labor
624 3610 773 3667 mutabilis
787 3610 842 3668 aevi
1103 3611 1165 3668 425

175 3702 290 3760 Retulit
306 3703 334 3760 in
349 3702 453 3759 melius
469 3722 476 3770 ;
500 3704 607 3760 multos
622 3704 736 3760 alterna
750 3704 884 3761 revisens

175 3794 271 3866 Lusit,
288 3798 361 3853 etin
376 3796 469 3853 solido
484 3816 586 3854 rursus
601 3798 734 3855 Fortuna
749 3798 867 3856 locavit.

176 3888 245 3946 Non
259 3890 315 3946 erit
331 3891 438 3947 auxilio
451 3891 536 3948 nobis
550 3891 683 3961 AEtolus,
700 3901 728 3949 et
743 3892 837 3968 Arpi:

176 3984 216 4041 At
230 3983 388 4060 Messapus
403 3984 469 4054 erit,
487 3983 614 4060 felixque
629 3986 814 4055 Tolumnius,
831 3993 860 4041 et
876 4004 951 4059 quos

176 4078 234 4138 Tot
249 4080 348 4156 populi
362 4078 469 4139 misere
484 4080 575 4138 duces
592 4100 600 4149 ;
623 4101 679 4139 noc
693 4081 778 4138 tarda
793 4088 935 4155 sequetur
1102 4081 1163 4141 4³0

175 4173 280 4232 Gloria
293 4173 425 4232 delectos
439 4173 526 4232 Latio
541 4183 569 4233 et
585 4175 784 4233 Laurentibus
798 4173 887 4252 agris.
