2692 5122
177 375 217 432 32
463 366 491 414 P.
510 366 676 415 VIRGlLll
699 365 870 415 Mauortis

178 506 268 574 Quod
284 507 347 583 jam
361 527 420 565 non
434 506 531 566 dubiis
545 506 655 584 poteris
669 525 854 584 cognoscere
869 503 962 583 signis
977 523 984 561 ε

178 600 330 663 Continud
345 611 391 659 est
406 602 495 680 aegris
510 602 587 659 alius
600 601 683 659 color
701 620 708 671 ;
732 600 853 658 horrida
866 598 979 658 vultum

177 694 334 754 Deformat
348 695 460 753 macies
476 714 484 764 ;
509 704 572 752 tum
585 713 713 771 corpora
725 694 793 751 luce
808 688 963 751 carenttlm

177 786 345 865 Exportant
359 788 457 858 tectis,
473 795 503 846 et
516 787 613 845 tristia
625 786 731 845 sunera
744 786 855 845 ducunt
869 805 877 855 ;

177 882 239 940 Aut
254 881 312 938 illae
327 880 451 958 pedibus
466 899 609 938 connexas
624 879 662 938 ad
675 880 777 938 limina
792 878 942 957 pendent:

90 989 95 999 ’
177 974 239 1032 Aut
254 973 333 1031 intus
347 974 457 1032 clausis
471 981 650 1032 cunctantur
663 974 693 1032 iu
707 972 820 1032 aedibus
834 991 947 1042 omnes,

179 1065 361 1144 lgnavaeque
376 1066 453 1124 same
468 1076 498 1125 et
512 1075 667 1124 contracto
681 1066 792 1144 frigore
807 1066 910 1142 pigras.

178 1159 256 1219 Tum
271 1179 361 1217 sonus
376 1160 496 1218 auditur
508 1161 641 1237 gravior,
656 1161 832 1236 tractimque
847 1164 1003 1216 susurrant
1017 1175 1025 1226 3
1105 1157 1169 1215 260

178 1253 320 1332 Frigidus
336 1263 366 1312 ut
381 1253 528 1330 quondam
543 1252 626 1312 silvis
638 1254 841 1312 immurmurat
855 1252 969 1309 Auster
981 1269 990 1319 ;

176 1346 216 1405 Ut
231 1366 312 1405 mare
326 1347 485 1405 sollicitum
499 1347 595 1404 stridit
609 1347 803 1405 refluentibus
817 1345 905 1404 undis
918 1363 926 1413 ;

177 1441 303 1500 AEstuat
318 1448 350 1499 ut
363 1440 475 1499 eleusis
493 1440 615 1517 rapidus
628 1440 800 1499 fornacibus
814 1439 901 1516 ignis.

177 1532 240 1591 Hic
257 1533 319 1609 jam
335 1534 499 1610 galbaneos
513 1533 646 1591 suadebo
659 1531 820 1591 incendere
834 1531 952 1600 odores,

177 1625 330 1702 Mediaque
346 1624 518 1684 arundineis
532 1626 641 1683 mserre
656 1625 821 1695 canalibus,
838 1624 915 1680 ultro

177 1718 368 1789 Hortantem,
384 1726 414 1776 et
428 1718 525 1776 fessas
539 1717 576 1776 ad
592 1718 703 1795 pabula
716 1725 787 1775 nota
800 1722 967 1774 vocantem.

176 1810 313 1871 Proderit
328 1823 357 1869 et
375 1821 495 1870 tunsum
509 1812 598 1890 gallae
612 1811 776 1870 admiscere
791 1828 939 1887 saporem,

176 1905 366 1982 Arentesque
381 1924 476 1976 rosas,
494 1913 544 1962 aut
559 1905 621 1982 igni
634 1904 756 1982 pinguia
770 1904 861 1961 multo

175 1996 316 2069 Defruta,
333 1999 381 2057 vel
392 1996 510 2075 Psithia
524 2017 629 2076 passos
642 1997 679 2056 de
694 1998 752 2056 vite
767 2014 915 2066 racemos,

177 2089 419 2170 Cecropiumque
433 2092 577 2168 thymum,
593 2099 623 2151 et
638 2091 730 2170 grave
746 2091 859 2148 olentia
872 2095 1045 2150 centaurea
1106 2089 1169 2146 ato

176 2183 232 2242 Est
247 2186 337 2243 etiam
351 2185 407 2243 flos
421 2185 451 2243 in
465 2185 568 2262 pratis,
586 2185 636 2243 cui
648 2203 757 2242 nomen
772 2183 880 2241 amello

176 2276 293 2337 Fecere
311 2278 464 2355 agricolae,
481 2277 577 2335 sacilis
592 2278 796 2351 querentibus
809 2276 905 2333 herba
918 2295 926 2345 3

176 2369 314 2446 Namque
331 2390 390 2428 uno
405 2370 555 2447 ingentem
569 2369 644 2427 tollit
658 2368 695 2426 de
710 2369 822 2445 cespite
837 2369 952 2440 silvam,

177 2462 300 2520 Aureus
315 2463 398 2540 ipse;
422 2462 520 2519 sedin
535 2461 622 2532 soliis,
640 2481 707 2537 qua
722 2462 847 2538 plurima
861 2461 975 2521 circbm

178 2554 367 2626 Funduntur,
383 2555 470 2613 viole
484 2555 621 2612 sublucet
637 2574 767 2632 purpura
781 2556 887 2633 nigros.

178 2647 265 2725 Saepe
281 2645 367 2705 deiun
382 2647 466 2706 nexis
480 2656 594 2706 ornatae
607 2647 839 2723 torquibusarte
854 2667 862 2718 ;

176 2739 278 2817 Asper
292 2740 321 2798 in
335 2760 387 2798 ore
402 2760 491 2818 sapor
508 2760 517 2810 3
539 2741 633 2799 tonsis
653 2740 682 2798 in
696 2742 824 2799 vallibus
839 2742 920 2800 illum

176 2833 318 2892 Pastores
333 2843 362 2892 et
377 2853 470 2893 curva
484 2835 587 2912 legunt
603 2853 693 2912 prope
708 2834 829 2892 flumina
842 2834 953 2894 Mellae.

177 2927 280 3004 Hujus
294 2927 416 2987 odorato
431 2927 550 2986 radices
564 2927 691 3004 incoque
705 2927 838 2999 Baccho,

175 3020 353 3098 Pabulaque
369 3022 397 3080 in
412 3022 525 3081 foribus
540 3022 635 3099 plenis
649 3042 763 3100 appone
779 3023 928 3082 canistris.

218 3116 286 3187 Sed,
304 3116 329 3174 si
344 3136 431 3192 quem
453 3118 551 3195 proles
565 3115 662 3173 subitd
677 3115 819 3175 defecerit
834 3117 938 3188 omnis,

176 3208 205 3268 N
208 3229 244 3266 ec
258 3229 355 3287 genus
370 3209 448 3267 unde
463 3229 548 3268 novae
563 3209 663 3287 stirpis
677 3219 835 3268 revocetur
848 3209 979 3281 habebit,

177 3302 309 3381 Tempus
323 3312 352 3361 et
367 3304 490 3362 Arcadii
504 3305 695 3363 memoranda
710 3306 830 3364 inventa
843 3305 981 3383 magistri

177 3397 323 3469 Pandere,
341 3419 459 3475 quoque
479 3400 564 3457 modo
579 3400 666 3458 caesis
682 3401 744 3475 jam
759 3401 838 3478 saepe
855 3400 995 3476 juvencis

178 3490 350 3550 lnsincerus
365 3511 436 3568 apes
449 3493 550 3550 tulerit
565 3512 663 3551 cruor.
707 3494 806 3553 Altius
820 3513 937 3552 omnem

176 3583 353 3661 Expediam,
371 3585 464 3662 primi
478 3595 618 3664 repetens
632 3589 670 3645 ab
685 3589 811 3665 origine,
827 3588 945 3648 famam.

178 3677 257 3736 Nam
273 3677 333 3753 que
346 3677 450 3737 Pellaei
463 3700 539 3757 gens
553 3680 704 3739 fortunata
719 3681 837 3759 Canopi

176 3770 295 3828 Accolit
309 3771 404 3830 effuso
418 3781 606 3851 stagnantem
620 3775 740 3833 flumine
756 3777 868 3847 Nilum,

176 3862 217 3921 Et
231 3863 343 3921 circum
358 3866 443 3942 pictis
459 3867 576 3925 vehitur
590 3887 646 3925 sua
658 3888 730 3925 rura
744 3870 855 3940 laselis,

178 3954 309 4031 Qudque
325 3957 503 4034 pharetrate
518 3961 627 4018 vicinia
639 3961 773 4020 Persidis
790 3972 887 4041 urget,

177 4049 217 4109 Et
232 4049 354 4108 viridem
367 4052 535 4129 AEgyptum
549 4052 638 4132 nigrb
652 4055 803 4115 loecundat
823 4054 927 4130 arensi,

177 4143 217 4203 Et
232 4143 351 4202 diversa
364 4164 455 4204 ruens
469 4155 583 4225 septem
600 4148 738 4208 discurrit
752 4151 781 4209 in
796 4171 849 4210 ora
