2692 5122
503 772 677 824 AENBIDOS
695 775 766 824 ma
780 776 842 824 vlt

184 908 278 970 Fama
293 913 392 972 volett
414 912 574 990 Furiisque
588 930 734 973 accensus
749 924 869 994 pectore
884 922 995 973 matres

184 1005 265 1063 Idem
280 1025 382 1064 omnes
396 1007 482 1064 simul
497 1006 672 1085 erdor'ugit,
688 1028 766 1067 nove
781 1027 917 1085 quaerere
931 1016 1021 1067 tecte.

183 1097 355 1157 Deseruiere
369 1099 490 1157 domos:
514 1101 609 1158 ventis
622 1101 693 1158 deut
707 1102 785 1159 colle
798 1120 968 1179 comasque.

183 1191 238 1249 Ast
252 1192 319 1249 eliae
332 1192 466 1250 tremulis
480 1193 641 1251 ululatibus
655 1194 767 1251 aethera
781 1195 938 1271 complent,

182 1284 418 1361 Pompineasque
432 1294 540 1363 gerunt
556 1286 692 1345 iuciuctso
707 1288 833 1363 pellibus
848 1288 959 1346 hastas.

183 1376 253 1454 Ipsa
266 1379 343 1436 inter
356 1380 468 1436 medies
483 1381 659 1457 flagrantem
673 1379 787 1438 fervide
801 1382 901 1456 pinum

184 1471 325 1542 Sustinet,
342 1492 377 1529 ec
392 1482 470 1531 natta
483 1473 639 1548 Turnique
654 1473 733 1530 cenit
747 1473 928 1549 hymenaeos,

184 1564 385 1640 Sanguineum
397 1574 540 1642 torquens
554 1566 649 1623 aciem
665 1585 672 1634 ;
696 1575 871 1642 torvumque
885 1565 1008 1644 repenti

181 1653 301 1716 Clamat
317 1676 324 1713 :
348 1656 382 1714 Io
395 1667 516 1728 metros,
531 1659 641 1730 audite,
658 1659 709 1715 ubi
723 1677 860 1735 queque,
875 1660 1014 1730 Latium

184 1750 215 1807 si
229 1770 288 1825 qua
301 1751 356 1828 piis
371 1753 477 1809 animis
490 1759 588 1809 menet
602 1753 729 1810 infelicis
743 1753 858 1811 Amatur

183 1842 298 1915 Grotie,
315 1845 340 1902 si
357 1845 434 1920 juris
448 1846 573 1904 materni
588 1865 663 1903 cure
675 1847 822 1903 remordet
836 1865 844 1915 3

183 1937 291 1995 Solvite
306 1939 436 1996 crinales
450 1939 548 2009 vittas,
564 1940 661 2016 capite
677 1940 761 2016 orgia
775 1957 901 1998 mecum.

219 2030 326 2089 Talem
341 2032 529 2102 intersum,
546 2032 623 2089 inter
636 2032 755 2089 deserte
769 2033 910 2103 serarum,

181 2121 332 2201 Reginum
345 2125 461 2182 Allecto
476 2125 600 2183 stimulis
615 2126 676 2202 agit
691 2125 821 2201 undique
834 2113 957 2183 Bocchi.

183 2217 342 2293 Postquam
357 2219 420 2275 visa
432 2217 505 2276 setis
519 2219 629 2295 prirnos
643 2220 761 2276 acuisse
776 2219 903 2290 furores,

184 2307 406 2386 Consiliumque
420 2293 596 2386 omnemque
611 2311 728 2369 domum
742 2312 867 2369 vertisse
881 2310 983 2369 Latini
996 2329 1005 2381 ;

183 2402 329 2461 Protenus
342 2403 411 2461 binc
426 2404 517 2461 fuscis
531 2403 623 2461 tristis
638 2403 695 2460 dee
707 2404 820 2462 tollitur
834 2404 889 2460 alis

182 2497 313 2554 Audacis
326 2497 432 2554 Rutuli
446 2496 484 2552 ad
499 2515 598 2553 muros
610 2515 618 2564 ;
645 2515 733 2572 quem
747 2496 855 2554 dicitur
869 2497 973 2554 urbem
1002 2558 1006 2562 ,

182 2588 364 2648 Acrisioneis
377 2591 484 2648 Danae
498 2590 637 2648 sunddsse
653 2591 777 2662 colonis,

181 2682 331 2760 Praecipiti
345 2683 444 2740 delata
459 2684 547 2742 Noto.
588 2683 692 2742 Locus
705 2684 807 2741 Ardea
823 2682 971 2758 quondum

181 2775 288 2834 Dictus
303 2778 376 2847 avis,
392 2787 422 2834 et
436 2797 513 2835 nunc
529 2796 668 2855 magnum
682 2785 780 2835 menet
795 2776 900 2835 Ardea
913 2795 1019 2837 nomen
1033 2796 1041 2848 ;

183 2869 240 2926 Sed
253 2870 371 2927 fortune
385 2871 446 2928 luit.
488 2870 591 2928 Tectis
606 2870 654 2928 hic
668 2871 789 2928 Turnus
804 2870 914 2929 inultis

180 2961 249 3019 Jem
263 2963 388 3019 medium
403 2959 489 3040 nigri
503 2965 646 3040 carpebat
660 2975 748 3021 nocte
763 2965 901 3039 quietem.

180 3054 297 3112 Allecto
311 3064 424 3113 torvam
439 3057 545 3114 sociem
559 3067 588 3114 et
603 3058 719 3115 furialia
734 3059 867 3115 membre

181 3146 270 3205 Exuit
284 3167 290 3204 :
314 3150 343 3206 in
358 3151 456 3207 vultus
470 3168 537 3208 sese
551 3151 739 3207 transformat
753 3152 858 3221 eolles,

181 3241 219 3298 Et
234 3242 360 3300 frontem
373 3245 544 3302 obscoenom
559 3245 642 3321 rugis
656 3252 720 3301 erat
735 3263 742 3311 ;
766 3244 859 3301 induit
873 3243 958 3302 elbos

182 3333 258 3394 Cum
272 3335 346 3394 vittd
358 3338 456 3395 crines
470 3357 478 3406 ;
501 3346 563 3394 tum
578 3356 690 3394 remum
705 3337 826 3394 innectit
840 3337 935 3394 olivas.

182 3428 228 3488 Fit
243 3431 371 3507 Calybe,
386 3432 513 3490 Junonis
529 3451 602 3488 enus
615 3432 776 3508 templique
790 3429 954 3487 sacerdos:

180 3522 219 3582 Et
229 3525 332 3600 juveni
347 3535 416 3583 ente
431 3527 533 3582 oculos
548 3525 594 3581 his
608 3543 640 3581 se
655 3543 723 3581 cum
738 3524 861 3580 vocibus
875 3523 982 3581 offert:

219 3618 332 3689 Turne,
349 3629 391 3676 tot
406 3619 556 3676 incassum
572 3617 651 3674 susos
667 3614 779 3694 petitine
794 3616 923 3688 labores,

182 3709 218 3767 Et
232 3720 283 3768 tue
298 3712 460 3769 Dardaniis
474 3710 633 3768 transcribi
647 3716 766 3786 sceptra
780 3709 893 3767 colonis
907 3707 919 3765 ?

182 3802 247 3861 Rex
262 3805 313 3862 tibi
327 3805 496 3882 conjugium
511 3812 540 3861 et
556 3804 696 3880 quaesitas
710 3804 854 3881 sanguine
868 3802 953 3861 dotes

181 3895 332 3976 Abnegat,
348 3908 546 3973 externusque
561 3899 591 3955 in
604 3916 729 3975 regnum
744 3897 886 3973 queritur
899 3898 1006 3957 lueres.

181 3984 298 4062 launo,
315 3992 438 4069 ingratis
452 3993 526 4050 oll'er
539 4001 580 4062 te,
596 3992 692 4062 irriso,
709 3992 827 4069 periclis
839 4011 847 4061 ;

180 4081 363 4159 Tyrrhenos,
380 4086 400 4156 i,
417 4094 516 4143 sterne
531 4086 631 4153 ecies3
654 4095 723 4163 tege
737 4104 811 4162 pace
830 4083 964 4145 Latinos.

180 4177 256 4238 Haec
272 4179 347 4238 oded
363 4182 416 4238 tibi
430 4201 486 4252 me,
503 4181 621 4258 placidi
636 4201 725 4257 quum
739 4190 826 4239 nocte
844 4181 975 4256 jaceres,

180 4270 249 4349 lpse
264 4275 360 4351 polam
376 4275 431 4332 lari
445 4276 628 4351 omnipotens
642 4274 782 4332 Saturnia
799 4275 897 4349 jussit.

180 4363 283 4433 Quare
299 4386 366 4444 age,
383 4382 412 4425 et
427 4368 535 4426 ermari
549 4369 655 4445 pubem
668 4370 819 4445 portisque
834 4369 955 4442 moveri,

178 4454 281 4517 Intus
296 4461 325 4517 in
340 4478 422 4518 erma
437 4480 522 4538 para;
546 4469 576 4518 et
590 4461 747 4539 Phrygios,
765 4463 814 4538 qui
829 4462 949 4521 flumine
963 4458 1088 4541 pulchro
1101 4460 1161 4520 4³0

180 4551 365 4626 Consedire,
381 4555 483 4626 duces,
500 4556 654 4631 pictasque
669 4574 761 4613 exure
776 4555 894 4613 carinus

496 4653 530 4705 19
539 4648 556 4682 '
