2692 5122
184 364 244 423 m
482 359 687 407 evremari
705 359 875 409 anaema

223 498 350 557 Dixerat
363 499 492 558 AEneas.
535 498 591 557 ille
605 519 649 571 os,
666 501 829 577 oculosque
842 498 993 576 loquentia

184 594 254 654 Jam
267 594 386 666 dudum,
402 602 431 652 et
445 603 539 653 totum
552 595 697 653 lustrabat
711 595 822 653 lumine
836 611 955 672 corpus.

184 688 264 747 Tum
277 690 321 747 sic
335 708 433 766 pauca
446 688 537 747 refert
551 707 558 744 :
579 687 619 747 Ut
634 696 673 760 te,
691 688 849 747 fortissime
863 683 1028 759 Teucriim,

184 785 309 862 Accipio
323 803 514 863 agnoscoque
529 786 646 842 libens!
668 792 698 842 ut
713 786 806 842 verba
820 782 952 861 parentis
1112 782 1169 843 156

183 877 224 939 Et
238 898 341 936 vocem
354 878 496 936 Anchisae
514 879 614 956 magni
628 878 800 953 vultumque
813 876 977 935 recordor!

184 972 212 1030 N
215 991 262 1029 am
276 972 395 1029 memini
408 970 552 1029 Hesionae
567 972 711 1028 visentem
725 989 819 1048 regna
833 969 944 1028 sororis

182 1064 457 1122 Laomedontiaden
471 1065 633 1135 Priamum,
651 1065 801 1122 Salamine
815 1070 975 1141 petentem,

183 1140 330 1215 Protenus
343 1157 482 1216 Arcadiae
496 1157 611 1236 gelidos
625 1158 754 1215 invisere
765 1157 849 1215 fines.

183 1248 262 1307 Tum
275 1250 345 1307 mihi
358 1251 453 1327 prima
466 1269 561 1328 genas
575 1252 702 1308 vestibat
717 1250 789 1308 dore
806 1251 933 1324 juventa
945 1267 955 1320 ;
1111 1248 1168 1308 160

182 1342 377 1419 Mirabarque
392 1343 484 1401 duces
498 1343 646 1414 Teucros,
662 1344 792 1401 mirabar
806 1352 836 1400 et
850 1343 947 1420 ipsum

183 1434 474 1494 Laomedontiaden:
498 1436 551 1493 sed
567 1437 683 1494 cunctis
697 1437 785 1494 altior
798 1437 858 1494 ibat

182 1530 339 1588 Anchises.
381 1529 456 1586 Mihi
470 1549 554 1587 mens
571 1531 706 1605 juvenali
720 1531 845 1587 ardebat
859 1547 961 1587 amore

184 1622 373 1699 Compellare
389 1624 495 1694 virum,
512 1632 540 1680 et
555 1623 667 1681 dextrae
682 1624 864 1701 conjungere
880 1623 1033 1681 dextram:

182 1716 318 1787 Accessi,
335 1724 364 1773 et
378 1716 504 1792 cupidus
519 1716 633 1773 Phenei
647 1720 702 1774 sub
716 1717 828 1775 moenia
841 1716 920 1775 duxi.
1112 1715 1167 1775 166

182 1807 236 1865 Ille
250 1809 320 1866 mihi
334 1809 481 1886 insignem
495 1809 664 1886 pharetram
677 1810 849 1887 Lyciasque
863 1809 999 1887 sagittas,

181 1901 362 1974 Discedens,
379 1902 625 1979 chlamydemque
641 1923 714 1960 auro
729 1903 808 1961 dedit
822 1904 1021 1974 intertextam,

181 1993 350 2071 Fraenaque
366 1996 445 2066 bine,
463 2015 546 2053 meus
562 2016 628 2071 quae
643 2015 722 2054 nunc
736 1996 836 2066 habet,
853 2014 957 2066 aurea,
972 1995 1085 2056 Pallae.

181 2087 264 2166 Ergo
278 2096 318 2159 et,
335 2107 424 2165 quam
439 2089 547 2166 petitis,
559 2089 665 2164 juncta
679 2099 724 2147 est
738 2089 808 2147 mihi
822 2089 936 2146 saedere
948 2088 1077 2149 dextra:

180 2179 232 2252 Et,
248 2182 298 2239 lux
313 2200 402 2257 quum
418 2183 541 2258 primirm
555 2183 644 2240 terris
658 2202 691 2239 se
706 2183 838 2240 crastina
852 2181 966 2253 reddat,
1110 2184 1166 2243 lto

181 2272 302 2332 Auxilio
315 2274 400 2332 laetos
414 2275 750 2351 dimittam,‚opibusque
765 2277 887 2351 juvabo.

181 2365 302 2424 Interea
315 2387 403 2424 sacra
417 2368 492 2438 haec,
510 2368 627 2443 quando
643 2369 700 2426 huc
717 2369 838 2426 venistis
853 2368 952 2439 amici,

180 2461 299 2530 Annua,
317 2480 382 2536 quae
400 2460 518 2517 differre
533 2461 628 2531 nefas,
646 2462 796 2519 celebrate
812 2462 947 2520 faventes

180 2553 354 2623 Nobiscum,
372 2561 401 2610 et
412 2553 474 2627 jam
489 2573 567 2611 nunc
583 2555 731 2611 sociorum
746 2555 911 2612 assuescite
925 2554 1046 2616 mensis.

219 2645 298 2704 Haec
313 2646 363 2702 ubi
376 2645 466 2715 dicta,
483 2646 575 2722 dapes
585 2647 670 2721 jubet
685 2657 714 2705 et
728 2649 846 2705 sublata
860 2647 964 2725 reponi
1108 2650 1163 2710 tra

179 2737 303 2808 Pocula,
321 2738 533 2815 gramineoque
549 2740 628 2796 viros
643 2740 721 2797 locat
737 2741 798 2817 ipse
814 2741 921 2809 sedili;

179 2832 427 2909 Praecipuumquc
442 2840 507 2888 toro
521 2840 550 2889 et
565 2833 660 2889 villosi
676 2835 751 2908 pelle
766 2835 861 2892 leonis
950 2820 955 2833 ¹

179 2926 297 3002 Accipit
310 2925 443 2995 AEnean,
461 2926 594 3002 solioque
610 2927 713 2985 invitat
728 2947 846 2986 acerno.

178 3018 258 3076 Tum
272 3019 341 3076 lecti
352 3018 479 3093 juvenes
494 3020 628 3076 certatim
644 3040 764 3096 ermque
779 3021 921 3079 sacerdos

144 3127 146 3130 ·
178 3112 307 3171 Viscera
323 3121 402 3170 tosta
416 3112 514 3169 seruat
528 3121 691 3184 taurorum,
708 3123 892 3190 onerantque
907 3114 1047 3175 canistris
1107 3119 1161 3177 teo

105 3212 107 3216 '
178 3203 267 3262 Dona
280 3205 421 3262 laboratae
437 3205 571 3275 Cereris,
588 3206 800 3282 Bacchumque
814 3209 989 3267 ministrant.

85 3346 87 3350 ,
178 3297 320 3356 Vescitur
333 3299 463 3367 AEneae,
480 3299 564 3356 simul
580 3309 608 3356 et
622 3300 753 3376 Trojana
763 3301 914 3375 juventus,

177 3390 319 3467 Perpetui
333 3400 418 3467 tergo
432 3391 516 3447 bovis
530 3400 559 3448 et
573 3393 745 3451 lustralibus
760 3395 844 3453 extis.

216 3484 379 3559 Postquam
394 3494 530 3560 exempta
545 3485 647 3556 sames,
665 3496 693 3544 et
709 3507 791 3544 emor
805 3484 994 3566 compressus
1007 3488 1126 3562 edendi,

177 3579 245 3638 Rex
259 3578 417 3637 Evandrus
433 3578 493 3635 ait:
517 3581 584 3638 Non
600 3581 664 3639 haec
678 3583 821 3640 solemnia
836 3584 931 3655 nobis,
1104 3584 1160 3643 ma

177 3672 244 3730 Has
259 3692 295 3729 ex
310 3672 390 3728 more
406 3671 507 3749 dapes,
524 3674 601 3732 hanc
615 3675 689 3733 tanti
706 3677 833 3734 numinis
847 3696 939 3749 aram,

177 3766 265 3823 Vana
279 3767 449 3842 superstitio
464 3766 655 3844 veterumque
671 3770 776 3845 ignara
790 3753 913 3828 deorum

177 3857 341 3935 Imposuit:
365 3860 462 3930 saevis,
479 3861 586 3938 hospes
604 3862 747 3938 Trojane,
765 3864 883 3940 periclis

177 3954 292 4011 Servati
308 3954 442 4025 lecimus,
459 3947 638 4032 meritosque
653 3977 795 4014 novemus
809 3958 947 4018 honores.

174 4047 244 4106 Jam
259 4049 381 4125 primirm
395 4051 475 4108 saxis
488 4071 662 4128 suspensam
678 4053 755 4110 hanc
771 4053 890 4129 adspice
905 4072 1010 4133 rupem
1024 4073 1033 4125 ;
1104 4053 1159 4114 190

175 4141 318 4218 Disjectae
334 4144 436 4219 procul
451 4154 482 4203 ut
496 4146 601 4217 moles,
618 4145 796 4222 desertaque
813 4147 920 4206 montis
