2692 5122
226 396 264 453 fl
511 390 539 437 Ρ.
559 389 729 439 vincunt
745 390 918 440 MARONIS

228 515 435 604 Silvarumque
449 528 516 587 alim
530 549 651 607 pressos
664 531 834 609 propaginis
847 548 938 589 arcus

227 621 423 699 Exspectant,
439 631 469 681 et
482 623 550 680 viva
564 622 622 682 sud
634 624 782 701 plantaria
795 623 896 682 terrie:

226 714 279 775 Nil
293 715 403 774 radicis
416 724 506 793 egent
522 717 589 775 alias
606 735 613 786 ;
638 736 844 793 summumque
860 724 978 794 putator

227 810 321 871 Haud
335 812 449 870 dubitat
462 822 551 870 terrae
565 812 700 871 referens
714 813 856 871 mandare
872 831 1017 871 cacumen
1033 830 1041 869 z

227 904 309 972 Quin
324 915 353 962 et
367 905 542 964 caudicibus
557 908 658 977 sectis,
677 907 826 982 (mirabile
841 906 922 964 dictu
937 910 959 988 t)
1174 908 1214 965 30

227 999 371 1060 Truditur
385 1021 402 1058 e
418 1002 501 1060 sicco
514 1003 598 1060 radix
612 1002 752 1081 oleagina
766 1003 846 1079 ligno
862 1020 870 1059 ι

226 1092 268 1152 Et
285 1094 365 1172 smpd
381 1095 504 1153 alterius
518 1115 617 1153 ramos
632 1096 750 1172 impune
766 1095 899 1152 videmus

226 1185 356 1245 Vertere
373 1188 402 1246 in
417 1189 538 1247 alterius
555 1209 563 1258 ;
587 1199 789 1263 mutatamque
805 1189 893 1246 insita
907 1188 986 1246 mala

226 1278 322 1339 Ferre
336 1281 442 1359 pirum,
459 1290 488 1339 et
503 1283 604 1359 prunis
619 1281 754 1359 lapidosa
768 1276 929 1338 rubescere
944 1300 1046 1340 corna.

267 1372 373 1441 Quare
387 1375 477 1453 agite,
494 1395 522 1446 o,
539 1375 672 1452 proprios
686 1375 852 1453 generatim
865 1375 970 1433 discite
985 1376 1093 1446 cultus,
1174 1376 1214 1432 35

225 1466 389 1544 Agricolas,
406 1467 580 1544 fructusque
595 1469 675 1525 feros
689 1469 798 1525 mollite
813 1468 938 1526 colendo
956 1488 963 1534 ;

226 1558 256 1619 N
259 1578 296 1617 eu
312 1579 420 1637 segnes
437 1561 560 1636 jaceant
574 1570 671 1618 terrae.
713 1561 806 1618 Juvat
822 1560 937 1616 Ismara
951 1560 1075 1617 Baccho

227 1651 408 1724 conserere,
425 1662 515 1729 atque
529 1651 597 1711 eled
610 1672 750 1730 magnum
764 1653 873 1709 vestire
887 1651 1072 1710 Taburnum.

264 1745 374 1824 Tuque
389 1746 472 1816 ades,
488 1746 697 1823 inceptumque
712 1745 773 1803 und
787 1746 912 1802 decurre
928 1745 1071 1816 laborem,

226 1839 256 1898 0
269 1839 372 1911 decus,
388 1859 406 1897 o
421 1839 506 1897 samae
520 1839 625 1898 meritd
641 1859 710 1916 pars
725 1839 853 1896 maxima
866 1847 986 1909 nostres,
1174 1842 1214 1897 40

225 1931 391 2005 Maecenas,
408 1933 575 2012 pelagoque
590 1933 694 1991 volens
709 1933 748 1990 da
760 1933 827 1990 vela
842 1932 962 2009 patenti.

226 2024 257 2085 N
258 2045 295 2084 on
310 2045 368 2104 ego
381 2040 492 2085 cuncta
506 2026 579 2084 meis
594 2027 732 2103 amplecti
746 2026 882 2083 versibus
896 2033 965 2102 opto
982 2043 990 2094 ;

226 2117 307 2190 Non,
324 2119 395 2177 mibi
409 2119 434 2178 si
450 2119 560 2197 linguas
575 2127 694 2177 centum
708 2119 777 2189 sint,
793 2136 907 2193 oraque
921 2125 1053 2189 centum,

226 2210 343 2270 Ferrea
357 2232 414 2270 vox
429 2231 436 2268 :
459 2212 542 2282 ades,
559 2219 588 2269 et
603 2213 688 2288 primi
702 2212 770 2289 lege
785 2211 891 2268 littoris
905 2230 997 2269 oram.

227 2303 264 2363 In
278 2305 415 2363 manibus
427 2312 515 2361 terrie
530 2323 536 2360 :
559 2323 617 2361 non
632 2303 682 2362 bic
695 2313 725 2361 te
740 2303 872 2361 carmine
886 2303 966 2373 ficto,
1172 2305 1213 2362 45

226 2395 328 2472 Atque
343 2416 397 2474 per
411 2397 555 2473 ambages
568 2405 598 2453 et
612 2396 701 2473 longa
715 2415 832 2465 exorsa,
848 2397 966 2455 tenebo.

266 2491 376 2566 Sponte
390 2487 447 2546 suri
461 2507 527 2565 quse
541 2507 574 2545 se
588 2489 693 2546 tollunt
708 2489 737 2546 in
753 2489 870 2546 luminis
884 2508 985 2561 auras,

226 2581 405 2640 Insoecunda
419 2580 548 2658 quidem,
564 2582 617 2639 sed
637 2582 706 2640 laets
720 2591 750 2639 et
764 2581 852 2639 sortia
865 2591 991 2660 surgunt
1007 2601 1014 2639 τ

226 2675 346 2753 Quippe
360 2674 423 2732 solo
437 2683 545 2732 natura
559 2677 671 2734 subest.
712 2675 829 2733 Tamen
843 2675 908 2733 haec
924 2694 1042 2752 quoque
1056 2675 1082 2734 si
1096 2676 1163 2753 qais

226 2767 355 2840 Inserat,
371 2776 422 2825 aut
436 2769 592 2826 scrobibus
606 2768 725 2826 mandet
742 2776 855 2825 mutata
870 2769 1012 2840 subactis,
1172 2770 1213 2827 50

225 2860 372 2920 Exuerint
386 2861 552 2918 silvestrem
567 2861 706 2932 animum,
722 2861 864 2936 cultuque
879 2862 1028 2937 frequenti

226 2953 263 3013 In
277 2972 480 3031 quascumque
494 2972 585 3012 voces
599 2962 679 3011 artes
693 2953 772 3011 haud
791 2954 877 3011 tarda
892 2963 1064 3029 sequentur.

225 3051 366 3112 Necnon
381 3059 411 3110 et
425 3052 545 3123 sterilis,
563 3071 628 3127 quae
644 3052 785 3129 stirpibus
797 3053 857 3110 exit
872 3053 909 3109 sb
924 3051 1000 3123 imis,

225 3143 296 3204 Hoc
309 3145 408 3217 faciet,
424 3165 536 3203 vacuos
550 3145 575 3203 si
589 3146 626 3203 sit
640 3145 757 3223 digesta
771 3163 946 3222 peragras:

224 3237 314 3298 Nunc
328 3239 396 3298 altm
412 3237 532 3296 frondes
545 3247 575 3295 et
591 3238 666 3296 rami
680 3239 782 3296 matris
796 3246 934 3313 opacant,
1172 3240 1212 3297 55

226 3330 444 3406 crescentique
460 3331 590 3388 adimunt
604 3331 704 3400 scotos,
720 3339 867 3406 uruntque
883 3331 1036 3391 serentem.

262 3423 331 3483 Jam
346 3442 412 3499 qum
427 3422 588 3481 seminibus
605 3423 695 3498 jactis
709 3443 742 3480 se
756 3423 874 3480 sustulit
888 3424 977 3480 arbos

224 3515 328 3575 Tarda
340 3517 432 3587 venit,
447 3516 524 3575 seris
538 3517 654 3575 factura
668 3517 826 3593 nepotibus
840 3518 972 3574 umbram
989 3536 997 3588 ς

224 3608 377 3687 Pomaque
392 3609 587 3688 degenerant,
604 3630 711 3669 succos
725 3611 816 3667 oblita
834 3610 947 3687 priores
963 3629 971 3680 ;

223 3701 265 3761 Et
278 3713 391 3781 turpes,
409 3705 514 3763 avibus
527 3704 667 3783 praedam,
684 3704 741 3763 fert
755 3723 813 3761 uva
826 3722 972 3761 racemos.
1172 3706 1212 3763 60

225 3796 346 3855 Scilicet
359 3798 495 3856 omnibus
509 3807 555 3856 est
568 3798 654 3856 tabor
668 3796 890 3874 impendendus,
907 3805 937 3853 et
951 3815 1055 3856 omnes

201 3892 204 3900 '
225 3886 379 3967 Cogendae
393 3891 422 3948 in
437 3891 563 3961 sulcum,
580 3909 616 3949 ac
630 3889 723 3949 multd
740 3889 878 3949 mercede
892 3889 1057 3951 domando.

225 3983 284 4041 Sed
298 3983 412 4040 truncis
424 3983 499 4041 oleas
513 3984 628 4056 melius,
646 3984 807 4062 propagine
821 3984 907 4053 vites,

223 4075 429 4153 Respondent,
444 4076 538 4135 solido
551 4077 673 4155 Paphiae
688 4078 724 4135 de
738 4077 846 4135 robore
860 4084 994 4153 myrtus;

222 4166 337 4229 Plantis
351 4177 381 4229 et
395 4169 475 4230 duno
489 4159 583 4249 coryli
602 4179 777 4243 nascuntur,
793 4179 823 4229 et
836 4171 942 4247 ingens
1168 4173 1208 4233 65
