2692 5122
524 731 744 798 ouoaotcort
763 731 833 778 LlB.
848 731 894 779 tv.

212 869 309 930 Nocte
323 869 453 942 domum,
470 871 595 950 dapibus
608 891 728 930 mensas
741 872 885 929 onerabet
903 870 1050 949 inemptis.

172 980 185 1003 ⁶
212 963 329 1022 Primus
344 983 413 1022 vere
429 985 539 1037 rosam,
557 974 645 1042 atque
661 974 801 1023 autumno
815 984 939 1042 carpere
955 983 1041 1042 pome
1057 983 1066 1035 ;

213 1056 262 1129 Et,
279 1077 370 1134 quum
386 1059 478 1116 tristis
491 1059 586 1116 hiems
600 1060 688 1117 etiam
703 1079 781 1116 nunc
795 1044 906 1136 frigore
920 1077 994 1116 saxa

213 1150 389 1228 Rumperct‚
405 1161 434 1210 et
446 1152 544 1230 glacie
559 1171 666 1210 cursus
680 1151 819 1210 sroenaret
834 1170 989 1228 aquarum,

213 1243 265 1302 Ille
280 1263 395 1303 comam
410 1246 506 1303 mollis
522 1246 585 1322 jam
599 1245 739 1303 tondebat
758 1244 920 1322 hyacinthi,

212 1337 364 1396 AEstatem
379 1339 559 1416 increpitans
574 1358 682 1410 seram,
699 1339 914 1415 Zephyrosque
928 1346 1086 1396 morantes.

212 1429 294 1508 Ergo
309 1431 415 1508 apibus
429 1431 508 1489 foetis
523 1431 600 1489 idem
615 1440 706 1509 atque
721 1431 855 1506 examine
869 1430 962 1488 multo

212 1522 329 1581 Primus
343 1524 508 1596 abundare,
525 1534 554 1583 et
568 1526 734 1602 spumantia
748 1543 859 1602 cogere
875 1524 986 1601 pressis
1048 1592 1050 1599 ,

213 1614 304 1676 Mella
319 1617 413 1675 savis:
437 1617 478 1675 illi
492 1618 573 1689 tiliae,
590 1627 679 1695 atque
695 1619 845 1676 uberrima
859 1618 945 1695 pinus
958 1635 967 1686 ;

213 1709 351 1787 Quotque
366 1713 395 1769 in
410 1711 483 1770 flore
498 1733 574 1771 novo
589 1713 682 1791 pomis
695 1732 728 1770 se
743 1712 848 1770 fertilis
863 1714 955 1770 arbos

213 1802 365 1876 Induerat,
379 1797 501 1863 totidem
516 1815 656 1864 autumno
670 1815 787 1864 matura
800 1808 931 1864 tenebat.

214 1894 267 1955 ltle
282 1898 371 1956 etiam
386 1918 470 1957 seras
486 1899 515 1957 in
530 1919 649 1958 versum
662 1900 773 1957 distulit
789 1899 893 1969 ulmos,

211 1987 402 2067 Eduramque
418 1991 523 2068 pirum,
540 2001 569 2050 et
584 1993 683 2070 spinos
700 1993 764 2069 jam
777 2011 872 2069 pruna
886 1992 1028 2063 ferentes,

212 2080 339 2159 Jamque
354 2084 569 2143 ministrantem
585 2087 736 2163 platanum
749 2085 918 2163 potantibus
932 2087 1064 2144 umbras.

212 2173 323 2235 verum
337 2176 403 2235 haec
417 2170 479 2255 ipse
494 2178 642 2255 equidem,
659 2178 762 2255 spatiis
776 2179 916 2235 exclusus
930 2177 1050 2254 iniquis,

212 2266 375 2341 Praetereo,
394 2278 482 2347 atque
498 2271 563 2329 aliis
577 2280 641 2348 post
656 2291 703 2329 me
718 2270 909 2328 memoranda
922 2271 1069 2347 relinquo.

250 2362 339 2421 Nunc
354 2382 423 2441 age,
440 2373 563 2423 naturas
578 2365 682 2442 apibus
698 2383 771 2441 quas
784 2364 904 2441 Jupiter
917 2364 980 2441 ipse

185 2452 192 2467 ‘
213 2454 343 2528 Addidit,
359 2455 536 2534 expediam3
560 2477 613 2534 pro
629 2455 688 2533 qud
702 2457 851 2532 mercede,
868 2476 995 2514 canoros

110 2574 116 2585 ·
174 2551 178 2554 ’
216 2546 359 2609 Curetum
372 2550 488 2607 sonitus
502 2550 738 2627 crepitantiaque
754 2569 815 2607 aera
829 2557 951 2620 secutae,

214 2641 330 2702 Dictoeo
344 2643 414 2700 coeli
428 2662 532 2720 regem
546 2640 656 2720 parire
671 2629 726 2700 sub
741 2651 835 2701 antro.
859 2719 860 2722 Ἰ

216 2736 288 2794 Solae
303 2755 475 2794 communes
489 2744 586 2808 natos,
603 2736 753 2793 consortia
767 2744 848 2794 tecta

214 2826 301 2887 Urbis
316 2829 438 2901 habent,
449 2825 629 2907 magnisque
644 2830 756 2908 agitant
771 2831 826 2887 sub
840 2828 958 2906 legibus
972 2848 1070 2888 aevum
1085 2847 1093 2899 ς

214 2922 251 2980 Et
270 2922 394 2999 patriam
409 2923 491 2992 soler,
508 2931 537 2980 et
552 2933 652 2980 certos
666 2921 777 2982 novdre
791 2923 922 2981 Penates
938 2941 945 2979 :

217 3014 415 3092 Venturaeque
431 3015 535 3073 hiemis
549 3035 706 3087 memores,
723 3025 826 3075 aestate
840 3017 974 3075 laborem

214 3108 426 3186 Experiuntur,
443 3117 472 3166 et
492 3108 522 3167 in
535 3109 662 3168 medium
678 3110 803 3186 quaesita
816 3118 972 3187 reponunt.

215 3201 350 3278 Namque
366 3201 432 3259 aliae
447 3202 525 3260 victu
542 3202 704 3280 invigilant,
721 3213 750 3260 et
764 3202 877 3260 soedere
892 3212 980 3280 pacto

216 3295 403 3353 Exercentur
416 3297 497 3373 agris
513 3316 520 3353 z
543 3315 613 3374 pars
634 3296 710 3353 intra
725 3304 810 3373 septa
822 3295 976 3354 domorum

214 3388 350 3447 Narcissi
368 3390 542 3466 lacrymam,
559 3399 588 3448 et
602 3390 714 3448 lentum
728 3390 764 3447 de
779 3391 891 3447 cortice
905 3391 1019 3467 gluten,

214 3481 313 3540 Prima
327 3483 402 3541 savis
417 3492 527 3560 ponunt
543 3482 713 3540 fundamina
729 3501 736 3551 ;
760 3482 865 3539 deinde
880 3491 1003 3539 tenaces

215 3576 401 3655 Suspeudunt
417 3595 528 3634 ceras:
551 3576 628 3646 aliae,
645 3594 727 3652 spem
741 3576 849 3652 gentis,
867 3574 983 3632 adultos

214 3669 353 3727 Educunt
368 3671 458 3728 ioetus
475 3689 481 3726 ι
506 3670 572 3727 aliae
588 3669 744 3746 purissima
758 3669 847 3726 mella

215 3763 339 3841 Stipant,
358 3772 386 3821 et
400 3764 512 3840 liquido
527 3763 696 3821 distendunt
711 3771 833 3820 nectare
847 3763 951 3822 cellas.

215 3857 298 3928 Sunt,
316 3857 422 3933 quibus
437 3858 474 3915 ad
492 3866 593 3935 portas
608 3857 715 3915 cecidit
729 3857 865 3916 custodia
879 3857 952 3915 sorti
965 3876 972 3927 ;
1144 3859 1199 3916 165

215 3949 308 4027 Inque
323 3951 420 4008 vicem
433 3952 625 4029 speculantur
639 3971 734 4028 aquas
748 3960 777 4009 et
792 3952 893 4009 nubila
907 3951 977 4010 coeli
991 3971 999 4021 ;

215 4044 273 4101 Aut
288 4064 381 4102 onera
400 4045 548 4122 accipiunt
563 4043 733 4103 venientium
748 4064 756 4114 ;
780 4053 840 4115 aut,
857 4044 975 4122 agmine
990 4045 1080 4117 sacto,

216 4136 370 4214 Ignavum,
387 4138 481 4210 sucos,
498 4159 591 4216 pecus
605 4159 623 4196 a
638 4139 821 4217 praesepibus
836 4147 950 4197 arcent.

215 4230 324 4290 Fervet
341 4252 426 4310 opus,
442 4233 636 4308 redolentque
650 4233 750 4309 thymo
766 4232 928 4309 fragrantia
941 4232 1040 4292 mella.

215 4325 260 4383 Ac
275 4326 377 4396 veluti,
394 4326 481 4384 lentis
496 4326 648 4402 Cyclopes
663 4326 784 4383 fulmina
798 4326 901 4383 massis

216 4418 317 4486 Quum
331 4429 499 4497 prpperant‚
517 4420 567 4477 alii
580 4419 705 4477 taurinis
719 4420 837 4477 follibus
852 4439 942 4477 auras

215 4513 376 4592 Accipiunt
389 4514 587 4591 redduntque,
604 4513 654 4571 alii
668 4513 822 4572 stridentia
835 4513 952 4591 tingunt
