2692 5122
203 401 243 460 2ss
490 394 517 443 Ρ.
540 394 705 442 vinoun
731 393 903 442 musonis

206 535 307 595 Strata
314 533 417 612 jacent
431 534 541 612 passim
554 552 611 593 sua
623 532 744 610 quique
758 533 813 591 sub
828 533 935 590 arbore
949 547 1035 608 poma
1048 547 1056 600 ;

205 628 313 688 Omnia
326 647 406 686 nunc
419 627 516 686 ridant
530 647 538 685 ε
560 636 601 698 at,
613 627 639 685 si
652 627 799 685 formosus
814 624 916 683 Alexis

203 721 357 781 Montibus
370 721 416 779 his
430 723 528 793 abeat,
545 721 646 780 videas
660 727 690 778 at
704 719 825 777 flumina
838 718 929 776 sicca.

626 895 764 936 niarasis.

204 1001 281 1062 Aret
295 1019 369 1080 ager
382 1019 390 1070 3
414 1000 485 1058 vitio
499 1000 627 1058 moriens
640 999 701 1057 sitii
715 998 793 1057 adria
807 997 920 1066 herba3

204 1094 299 1154 Liber
311 1094 481 1171 pampineas
494 1092 597 1169 invidit
615 1093 740 1151 collibus
754 1093 874 1149 umbras
888 1108 896 1146 t

203 1187 348 1264 Phyllidis
362 1186 490 1245 adventu
504 1194 613 1245 nostra
627 1205 730 1245 nemus
744 1202 830 1243 omne
844 1183 960 1254 virebit,

203 1280 323 1360 Jupiter
335 1288 365 1340 et
379 1281 447 1340 laeto
461 1281 621 1340 descendet
635 1282 777 1359 plurimus
791 1281 884 1373 imbri.
1008 1361 1011 1366 Ι

622 1457 772 1498 corinun.

204 1559 337 1638 Populus
351 1558 467 1620 Alcida
481 1561 661 1640 gratissima,
678 1561 745 1619 vitis
759 1559 880 1632 laccho,

204 1653 359 1714 Formosa
371 1662 485 1732 myrtus
499 1653 624 1725 Veneri,
640 1673 695 1713 sua
709 1655 814 1712 laurea
829 1654 943 1712 thbo
958 1672 966 1711 ε

205 1745 320 1824 Phyllis
333 1755 411 1806 amat
425 1747 543 1824 corylos
559 1767 567 1816 ;
590 1748 657 1805 illas
670 1747 739 1804 dum
752 1747 866 1824 Phyllis
880 1747 1000 1818 amabit,

206 1841 273 1901 Nec
286 1849 400 1918 myrtus
412 1841 510 1900 vincet
524 1840 653 1919 corylos,
669 1859 725 1899 nec
738 1840 842 1898 laurea
854 1839 970 1899 Phoehi.

625 2015 763 2056 Taranis.

205 2120 355 2180 Fraxinus
369 2119 399 2179 in
412 2119 496 2178 silvis
509 2118 718 2198 pulcherrime,
734 2120 820 2197 pinus
833 2119 864 2178 in
877 2118 980 2192 hortis,

89 2210 93 2215 ’
205 2211 338 2291 Populus
351 2214 382 2272 in
395 2213 503 2284 fluviis,
519 2213 601 2271 ahias
616 2213 647 2271 in
661 2214 808 2271 montibus
822 2212 890 2270 altis
904 2231 912 2269 t

207 2306 322 2383 Soepihs
336 2314 365 2363 at
379 2306 404 2363 si
417 2324 476 2376 ms,
491 2303 607 2382 Lycida
620 2305 758 2375 formose,
773 2306 898 2375 revisas,

206 2397 356 2457 Fraxinus
369 2397 399 2456 in
412 2398 495 2456 silvis
508 2398 595 2456 cedat
608 2397 670 2468 tibi,
687 2398 772 2474 pinus
786 2398 816 2455 in
829 2397 930 2457 hortis.

609 2570 784 2612 muniamus.

206 2674 286 2735 Haec
300 2676 429 2747 memini,
444 2684 474 2734 et
487 2674 597 2733 victum
610 2673 720 2733 frustra
733 2675 913 2735 contendere
926 2677 1067 2755 Thyrsin.

210 2768 271 2848 [Er
284 2770 335 2829 illo
349 2769 491 2848 Corydon
506 2768 649 2847 Corydon
661 2777 706 2829 ast
719 2778 852 2848 tempore
866 2772 977 2850 nobis]

539 3197 730 3265 ECLOGA
754 3198 851 3265 VIII.

538 3315 859 3410 Pflnnhncuurmn.

206 3500 378 3562 Psaroauni
390 3521 505 3561 musam
517 3501 664 3562 Damonis
676 3512 706 3561 et
719 3503 914 3580 Alphesiboei,

207 3593 365 3654 Immemor
377 3596 535 3655 herbarum
550 3616 624 3673 quos
637 3604 683 3654 ast
696 3597 802 3654 mirata
811 3597 944 3673 juvenca

207 3686 380 3760 Cantantes,
394 3708 519 3766 quorum
533 3690 707 3767 stupefacta
722 3690 852 3748 carmine
866 3690 982 3767 lyncas,

205 3778 247 3838 Ei
260 3788 373 3840 mutata
386 3801 456 3841 suos
470 3780 643 3859 requidrunt
656 3782 777 3840 flumina
787 3802 893 3843 cursus
908 3803 917 3854 ;

205 3871 351 3933 Damonis
364 3894 479 3934 musam
492 3875 625 3935 dicemus
639 3885 669 3934 ct
681 3875 877 3952 Alphesiboei.
1166 3875 1189 3936 5

245 3965 293 4024 Tu
308 3967 388 4039 inihi,
404 3987 459 4027 seu
473 3969 573 4046 magni
585 3987 711 4046 superas
720 3968 782 4045 jam
796 3988 869 4028 saxa
881 3956 1012 4041 Timavi,

207 4060 276 4119 Siva
290 4079 373 4119 oram
388 4060 500 4138 lllyrici
513 4062 589 4139 legis
604 4062 731 4139 aequoris
745 4082 753 4132 ;
777 4081 815 4121 en
829 4063 884 4121 erit
898 4082 1028 4140 unquam

207 4155 263 4216 Illo
277 4156 351 4228 dies,
366 4156 437 4215 mihi
452 4176 542 4234 quum
555 4157 645 4217 liceat
657 4166 709 4217 lna
722 4158 823 4217 dicere
837 4157 917 4216 sacta
931 4158 942 4214 i

205 4249 256 4309 En
268 4250 335 4323 erit,
351 4258 383 4310 ut
396 4250 486 4311 liceat
498 4259 593 4313 totam
605 4252 677 4313 m'hi
690 4251 770 4313 ferro
781 4269 837 4330 par
848 4252 952 4313 orben
