2692 5122
518 784 693 835 AENEIDOS
713 787 782 834 LIB.
797 787 848 833 111.

191 927 231 986 Et
244 933 357 984 terram
371 923 552 1001 Hesperium
567 926 680 997 venies,
696 926 748 984 nbi
764 925 889 1003 Lydius,
906 944 980 984 arva

191 1020 272 1079 Inter
285 1020 385 1097 opima
400 1019 504 1089 viriam,
521 1018 580 1076 leni
595 1020 659 1077 fluit
674 1021 791 1097 agmine
805 1016 925 1096 Tybris.

190 1112 255 1172 Illic
269 1133 320 1170 ren
333 1113 421 1184 laetae,
437 1131 635 1190 regnumque,
651 1122 680 1170 et
693 1114 778 1191 regia
792 1114 902 1189 conjux

177 1206 279 1266 Perta
292 1207 366 1265 tibi:
388 1206 536 1282 lacrymas
550 1205 667 1264 dilectae
682 1206 759 1282 pelle
773 1206 910 1266 Creusae.

188 1301 257 1359 Non
271 1319 329 1377 ego
342 1298 562 1376 Myrmidonum
576 1299 665 1357 aedes
678 1292 865 1377 D'elopumve
879 1300 1024 1377 superbae
1117 1300 1175 1357 ⁷85

188 1393 372 1471 ⁴adspiciam,
389 1399 441 1450 aut
453 1392 557 1451 Graiis
571 1394 712 1451 servitum
726 1395 870 1452 matribus
884 1394 943 1465 ibo,

188 1486 353 1557 Dardanis,
368 1493 398 1543 et
411 1486 486 1544 divae
500 1486 630 1544 Veneris
644 1507 737 1545 nurus
752 1505 759 1543 :
860 1497 869 1511 “

190 1579 248 1637 Sed
262 1597 309 1637 me
324 1596 433 1656 magna
446 1578 536 1636 desim
551 1580 687 1656 genetrix
702 1579 748 1637 his
761 1579 872 1637 detinet
887 1580 955 1638 oria.

188 1671 317 1748 Jamque
332 1672 410 1742 vale,
426 1680 455 1728 et
470 1673 532 1729 nati
547 1691 635 1730 serva
649 1672 813 1730 eommunis
827 1690 967 1731 amorem.

228 1763 308 1823 Hoec
319 1764 369 1821 ubi
380 1764 461 1821 dicta
472 1764 562 1835 dedit,
575 1765 789 1841 lacrymantem
800 1773 829 1822 et
840 1766 932 1822 multa
944 1764 1089 1824 volentem
1115 1766 1174 1822 790

187 1857 299 1916 Dicere
314 1857 456 1928 deseruit,
472 1859 776 1934 tenuesque'recessit
790 1860 820 1917 in
835 1877 934 1917 auras.

188 1951 250 2010 Ter
265 1951 390 2009 coriatus
404 1952 444 2009 ibi
459 1952 536 2009 collo
551 1952 623 2010 dare
638 1952 761 2010 brachia
776 1953 888 2010 circum
904 1971 912 2021 ;

190 2043 250 2103 Ter
263 2044 373 2102 srnetra
387 2063 562 2122 comprensa
576 2050 684 2103 manue
696 2046 799 2124 effugit
813 2047 922 2124 imago,

187 2137 247 2196 Par
260 2138 377 2195 levibus
390 2138 496 2209 ventis,
511 2139 685 2214 volucrique
697 2140 844 2197 simillima
860 2158 972 2198 somno.

189 2231 238 2290 sic
250 2231 370 2288 demum
382 2231 490 2302 aoeies,
507 2232 683 2308 consumpte
697 2243 795 2303 nocte,
812 2234 919 2292 reviso.
1113 2234 1171 2290 795

226 2325 326 2400 Atque
341 2323 391 2382 hic
402 2324 556 2401 ingentem
570 2326 709 2382 comitum
724 2326 875 2383 affluxisse
890 2344 1035 2384 novorum

187 2417 310 2476 Invenio
325 2418 475 2476 admirans
490 2437 645 2475 numerum
661 2437 669 2486 ;
693 2427 874 2494 matresque,
891 2419 1040 2495 virosque,

187 2510 354 2571 Collectam
367 2512 473 2568 exsilio
487 2507 604 2587 pubem}
621 2511 789 2568 miserabile
805 2512 921 2589 vulgus.

185 2604 323 2681 Undique
339 2601 518 2674 convenire,
536 2604 641 2661 animis
656 2604 820 2681 opibusque
839 2605 945 2682 parati,

185 2696 221 2756 In
236 2717 442 2775 quascumque
456 2698 545 2755 velim
560 2698 667 2774 pelago
682 2698 831 2755 deducere
845 2706 951 2757 terras.

181 2791 312 2867 Jamque
330 2790 411 2868 jugis
425 2810 547 2848 summae
562 2793 705 2867 surgebat
722 2791 846 2849 Lucifer
860 2791 931 2862 Idae,

182 2885 384 2960 Ducebatque
400 2884 476 2941 diem
494 2904 501 2952 ;
525 2884 685 2960 Danaique
699 2887 824 2943 obsessa
837 2886 979 2943 tenebant

180 2981 301 3040 Limina
317 2989 468 3058 portarum
485 2999 492 3049 ;
517 3000 574 3038 nec
588 2999 656 3057 apen
671 2981 734 3057 opis
750 2982 809 3038 ulla
824 2981 959 3040 dabatur.

181 3073 283 3147 Oenei,
300 3083 329 3132 et
344 3074 461 3131 sublato
476 3082 603 3132 montem
618 3075 753 3152 genitore
768 3075 870 3153 petivi,

514 3617 847 3691 AENEIDOS

549 3841 701 3901 LIBER
728 3841 795 3903 111.

173 4197 352 4265 Posreuam
366 4220 415 4259 res
429 4203 509 4261 Aaiae
524 4203 695 4280 Priamique
709 4214 845 4264 evertere
859 4214 980 4284 gentem

176 4291 360 4353 Immeritam
375 4297 469 4354 visum
485 4299 617 4375 Superis,
635 4300 801 4374 ceciditque
820 4302 981 4377 superbum

175 4386 276 4457 Ilium,
294 4397 323 4446 et
338 4390 433 4448 omnis
447 4391 535 4449 hume
550 4391 642 4449 sumat
657 4393 809 4470 Neptunia
823 4394 916 4469 Troja
931 4414 938 4464 ;

173 4478 309 4538 Diversa
323 4483 427 4539 exsilia
442 4492 470 4541 et
491 4484 627 4542 desertae
642 4506 776 4562 qnaerere
791 4495 889 4544 terras

173 4574 323 4652 Auguriia
338 4577 454 4654 agimur
467 4578 567 4638 divum
583 4599 591 4648 ;
615 4581 803 4657 classemque
818 4583 872 4638 sub
887 4579 954 4658 iped
1145 4580 1164 4635 5

829 4689 850 4736 Q
