2692 5122
499 763 675 813 sucinos
694 764 765 811 mn.
780 765 844 814 xn.
1110 776 1169 834 m

179 902 249 964 Non
263 899 365 980 pudet,
381 920 399 959 o
412 899 528 974 Rutuli,
544 922 597 980 pro
611 903 728 962 cunctis
741 904 850 963 talibus
863 923 954 964 unam

181 997 342 1073 objectare
356 996 483 1055 animam
496 996 507 1054 l
528 1016 701 1068 numerone,
719 1017 756 1056 an
771 998 882 1056 viribus
897 997 976 1074 aequi
1107 1003 1169 1062 9³0

179 1090 249 1149 Non
262 1108 366 1147 sumus
380 1089 391 1145 ἓ
417 1089 477 1160 En,
493 1109 596 1149 omnes
610 1099 640 1149 et
653 1091 750 1150 Trois
766 1100 795 1149 et
809 1091 948 1151 Arcades
961 1091 992 1150 hi
1004 1099 1085 1166 sunt,

179 1182 345 1258 Fatilisque
358 1203 474 1253 manus,
490 1183 606 1242 insensa
619 1184 742 1243 Etruria
756 1185 880 1243 Turno:

179 1275 239 1334 Vix
253 1277 379 1347 hostem,
394 1277 502 1335 alterni
516 1278 542 1335 si
556 1279 795 1356 congrediamur,
812 1279 967 1338 habemus.

182 1366 235 1427 lile
251 1369 369 1445 quidem
384 1369 420 1426 ad
435 1372 575 1447 Superos,
594 1391 719 1448 quorum
733 1390 765 1429 se
780 1371 905 1430 devovet
919 1371 991 1444 aris,

181 1463 329 1522 Succedet
344 1462 434 1534 samri,
450 1464 594 1541 vivusque
609 1483 731 1542 perora
743 1465 856 1524 feretur
871 1484 878 1522 :
1106 1464 1166 1526 2³6

121 1623 124 1627 ⁴
181 1556 254 1628 Nos,
272 1556 369 1634 patriis
384 1556 506 1628 amissis,
521 1559 647 1616 dominis
661 1578 767 1636 parere
781 1559 919 1637 superbis

182 1648 345 1728 cogemur,
362 1650 413 1726 qui
426 1671 507 1708 nunc
521 1651 593 1710 lenti
606 1652 795 1711 consedimus
808 1652 898 1711 arvis.

179 1743 306 1803 Talibus
318 1745 443 1803 incensa
456 1755 503 1804 est
519 1746 661 1821 juvenum
676 1747 823 1805 sententia
842 1747 929 1805 dictis
1174 1814 1177 1819 ,

178 1836 248 1896 Jam
261 1838 357 1916 magis
371 1847 461 1916 atque
476 1839 593 1917 magis;
616 1841 767 1916 serpitque
783 1860 835 1917 per
847 1840 969 1918 agmina
981 1859 1122 1901 murmur.
1263 1899 1267 1908 ,

179 1929 241 2009 lpsi
254 1931 423 1991 Laurentes
438 1935 552 2005 mutati,
569 1933 684 2010 ipsique
702 1932 813 1993 Latini.
1105 1937 1167 1994 240

179 2023 241 2093 Qui
254 2026 311 2084 sibi
327 2026 390 2103 jam
404 2029 538 2103 requiem
552 2047 659 2106 pugnae
674 2029 823 2104 rebusque
838 2028 965 2087 salutem
1194 2040 1198 2045 '

179 2119 354 2197 Sperabam,
369 2141 449 2179 nunc
464 2141 546 2180 arma
560 2122 672 2192 volunt,
689 2121 846 2198 soedusque
866 2131 1028 2198 precantur

179 2211 336 2285 Infectum,
353 2223 382 2272 et
395 2215 491 2272 Turni
505 2223 615 2272 sortem
628 2216 808 2273 miserantur
823 2216 963 2292 iniquam.

216 2307 276 2365 His
291 2308 370 2366 aliud
384 2309 479 2383 majus
492 2308 623 2366 Juturna
637 2307 781 2385 adjungit,
798 2317 827 2366 et
844 2309 904 2366 alto

178 2399 239 2460 Dat
252 2402 369 2479 signum
384 2402 462 2459 coelo
478 2422 486 2471 ;
512 2421 570 2477 quo
584 2421 642 2459 non
658 2402 834 2478 praesentius
848 2401 940 2460 ullum
1105 2403 1165 2463 246

177 2493 323 2553 Turbavit
337 2503 452 2552 mentes
467 2494 569 2563 Italas,
586 2502 777 2570 monstroque
792 2494 904 2553 fefellit.

178 2590 315 2666 Namque
331 2591 433 2648 volans
445 2589 537 2648 rubrai
551 2590 649 2648 sulvus
662 2591 747 2648 Jovis
762 2590 825 2648 ales
841 2591 871 2647 in
885 2588 980 2648 aethra

177 2681 327 2742 Littoreas
341 2684 474 2761 agitabat
489 2702 571 2753 aves,
588 2685 764 2759 turbamque
779 2692 935 2742 sonantem

177 2777 313 2855 Agminis
327 2778 433 2855 aligeri
449 2796 456 2846 ;
481 2776 578 2834 subitd
594 2796 684 2852 quum
697 2777 800 2854 lapsus
815 2777 851 2834 ad
868 2778 965 2835 undas

67 2896 75 2919 ο
179 2869 316 2947 Cycnum
330 2872 525 2929 excellentem
539 2871 663 2947 pedibus
678 2871 754 2947 rapit
768 2871 919 2947 improbus
934 2871 1030 2931 uncis.
1103 2874 1163 2932 950

177 2962 329 3022 Αποκότο
344 2965 456 3022 animos
471 2964 539 3021 Itali
555 2983 563 3034 ;
588 2974 763 3040 cunctaeque
779 2964 916 3022 volucres

178 3054 363 3116 Convertunt
377 3058 506 3116 clamore
521 3059 632 3136 sugam,
650 3059 798 3135 (mirabile
814 3057 878 3116 visu
892 3059 916 3136 l)

177 3149 368 3226 AEtheraque
382 3152 542 3209 obscurant
558 3153 672 3228 pennis,
688 3152 862 3228 hostemque
877 3173 932 3229 per
945 3172 1036 3212 auras

177 3241 273 3301 Facta
287 3246 364 3300 nube
380 3254 514 3321 premunt
531 3264 538 3313 ;
563 3245 659 3302 donec
673 3247 701 3302 vi
716 3246 812 3303 victus
827 3255 856 3304 et
871 3247 934 3322 ipso

176 3335 312 3395 Pondere
328 3337 446 3408 deiecit,
463 3338 652 3414 praedamque
668 3357 704 3394 ex
719 3340 868 3415 unguibus
883 3339 947 3396 alea
1103 3338 1163 3396 256

177 3427 306 3505 Projecit
320 3430 420 3500 fluvio,
438 3431 613 3507 penitusque
629 3431 657 3487 in
671 3432 773 3488 nubila
787 3431 871 3507 sugit.

176 3522 253 3581 Tum
267 3523 338 3581 vend
354 3523 513 3599 augurium
527 3523 631 3580 Rutuli
646 3523 775 3580 elamore
791 3523 931 3594 salutant,

177 3615 405 3693 Expediuntque
421 3634 524 3672 manus
540 3635 547 3683 ;
573 3616 743 3691 primusque
759 3614 934 3674 Tolumnius
947 3635 1055 3695 augur,
1170 3645 1171 3649 ¹

177 3707 246 3767 Hoc
261 3720 336 3780 erat,
353 3710 409 3766 hoc
424 3709 510 3779 votis,
528 3709 633 3784 inquit,
650 3709 728 3784 quod
742 3709 821 3787 saepd
837 3709 950 3786 petivi:

176 3802 311 3879 Accipio,
328 3822 520 3880 agnoscoque
535 3802 616 3860 deos.
657 3802 720 3874 Me,
737 3823 783 3860 me
799 3803 885 3874 duce,
901 3803 1012 3862 ferrum
1102 3805 1161 3863 aaa

177 3893 340 3973 Corripite‚
357 3916 374 3954 o
388 3897 499 3966 miseri,
517 3916 591 3972 quos
604 3897 754 3973 improbus
769 3897 884 3955 advena
898 3897 977 3955 bello

175 3987 318 4060 Territat,
334 3990 477 4047 invalidas
492 3999 523 4047 ut
538 4008 609 4048 aves
626 4009 633 4059 ;
658 3999 686 4047 et
701 3991 799 4048 littora
814 4002 914 4048 vestra

176 4079 214 4140 Vi
229 4069 357 4160 populat.
399 4083 486 4142 Petet
501 4084 550 4141 ille
566 4084 677 4162 sugam,
694 4083 870 4160 penitiisque
884 4083 1029 4161 profundo

176 4173 254 4233 Vela
267 4176 357 4234 dabit.
398 4176 463 4235 Vos
478 4177 608 4235 unanimi
622 4178 743 4235 densata
759 4187 909 4249 catervas,

175 4267 216 4326 Et
230 4288 333 4347 regem
347 4270 429 4327 vobis
444 4270 545 4349 pugnis
558 4271 706 4329 defendite
721 4281 846 4348 raptum.
1101 4272 1162 4331 W

175 4360 269 4433 Dixit,
286 4370 315 4419 et
331 4363 472 4422 adversos
484 4366 575 4422 telum
590 4366 731 4423 contorsit
746 4366 775 4423 in
790 4367 891 4424 hostes

175 4452 360 4514 Procurrens
375 4477 382 4526 ;
406 4460 531 4517 sonitum
546 4460 596 4516 dat
611 4459 734 4516 stridula
749 4480 868 4531 cornus,
885 4468 915 4517 et
935 4480 1024 4519 auras

177 4546 271 4608 Certa
285 4559 376 4610 secat.
419 4552 510 4610 Simul
525 4553 591 4623 boc,
608 4553 694 4611 simul
709 4553 814 4632 ingens
828 4554 951 4626 clamor,
968 4563 997 4613 et
1011 4573 1114 4612 omncs
