2692 5122
651 386 656 401 t

505 783 680 833 AENEIDOS
700 785 769 832 nm
784 785 848 833 ¹11.

181 921 242 985 Olli
256 922 409 995 sublimes,
427 923 517 982 armis
533 924 699 1001 animisque
713 925 829 997 refecti,

180 1016 244 1078 Hic
257 1017 360 1098 gladio
374 1017 479 1088 fidens,
496 1018 545 1076 hic
560 1037 632 1077 acer
646 1027 676 1077 et
690 1019 802 1078 arduus
815 1018 913 1092 hasti,
1163 1064 1165 1068 .

180 1111 337 1173 Adsistunt
352 1110 468 1182 contri,
485 1113 649 1171 certamine
663 1113 771 1171 Martis
786 1115 894 1173 anheli.
1117 1116 1175 1173 790

216 1207 370 1268 iunonem
384 1207 501 1265 interea
513 1207 584 1266 Rex
597 1207 807 1284 omnipotentis
820 1207 939 1286 Olympi

181 1301 362 1380 Alloquitur,
380 1300 462 1361 1111111
477 1321 594 1380 pugnas
607 1301 644 1360 de
659 1303 738 1360 nube
752 1311 893 1362 tuentem.

181 1395 258 1465 Quas
268 1396 333 1473 jem
348 1395 415 1454 finis
429 1395 496 1466 erit,
513 1396 648 1473 conjux?
670 1395 739 1472 quid
754 1395 882 1473 denique
897 1404 989 1456 restat
1004 1396 1014 1453 i

181 1489 351 1570 Indigetem
363 1489 489 1548 AEnean
502 1490 563 1548 seis
578 1491 653 1567 ipsa,
672 1498 701 1548 et
715 1490 795 1549 scire
810 1491 923 1564 soteris,

180 1583 295 1644 Deberi
310 1582 400 1654 omlo,
418 1583 546 1661 setisque
562 1585 600 1642 ad
614 1584 715 1642 sidera
728 1584 801 1644 tolli.
1115 1585 1173 1642 795

180 1678 262 1750 Qnid
276 1679 392 1739 struis?
415 1688 465 1738 eut
481 1678 542 1756 qui
555 1699 608 1757 spe
620 1681 728 1758 gelidis
742 1681 772 1738 in
786 1680 915 1739 nubibus
929 1680 1028 1739 haeres
1042 1679 1053 1736 l

178 1773 335 1834 Mortalin’
350 1773 451 1832 decuit
466 1774 572 1831 violari
586 1775 710 1833 vulnere
729 1774 829 1832 divum
844 1774 855 1831 .>

178 1870 239 1929 Aut
253 1887 356 1927 ensem
372 1866 458 1946 (quid
472 1868 552 1926 enim
565 1869 630 1926 sine
643 1877 673 1926 te
686 1868 708 1927 J
710 1876 818 1927 uturna
832 1868 946 1927 valeret
962 1868 990 1944 1)

177 1963 324 2043 Ereptum
338 1963 423 2022 reddi
436 1964 552 2035 Turno,
569 1972 598 2022 et
613 1964 671 2023 vim
686 1984 826 2022 erescere
841 1964 953 2022 victis?

176 2056 294 2118 Desine
303 2058 366 2135 jam
380 2057 510 2129 tandem,
528 2059 727 2135 precibusque
742 2058 896 2116 inflectere
910 2059 1041 2129 110111111;
1114 2061 1173 2118 800

177 2151 245 2213 Neo
258 2160 289 2212 te
302 2161 405 2212 tantus
419 2153 488 2211 edat
502 2154 623 2211 1101111111
637 2152 722 2211 dolor
736 2173 743 2222 ;
768 2161 798 2211 01
812 2153 883 2212 mihi
898 2173 980 2213 curm

178 2245 266 2325 Saepd
279 2255 332 2305 tuo
346 2246 427 2304 dulci
441 2247 542 2304 tristes
557 2266 594 2304 ex
609 2266 662 2305 ore
676 2255 843 2305 recursent.

175 2339 309 2400 Ventum
322 2341 360 2399 ad
374 2360 546 2419 supremum
560 2348 615 2399 est.
657 2340 763 2398 Terris
778 2341 904 2418 agitare,
921 2341 969 2400 vel
984 2339 1082 2412 undis,

175 2434 326 2512 Trojanos
341 2437 473 2513 potuisti,
488 2435 640 2494 infandum
653 2435 821 2493 accendere
836 2436 957 2507 bellum,
1006 2494 1009 2501 ,

175 2528 358 2588 Deformare
372 2530 503 2600 domum,
521 2537 551 2586 et
564 2530 646 2587 luctu
661 2529 789 2586 miscere
804 2530 997 2606 hymenaeos:
1113 2530 1171 2588 805

175 2623 311 2685 Ulterius
324 2634 440 2684 tentare
456 2633 533 2684 veto.
578 2626 628 2683 Sic
641 2625 762 2703 Jupiter
775 2645 862 2683 orsus
877 2644 884 2682 :

176 2719 229 2779 Sic
241 2718 299 2778 dea
314 2720 462 2778 submisso
476 2718 580 2778 contrd
596 2720 738 2777 Saturnia
753 2719 834 2777 vultu
851 2737 858 2775 :

175 2810 240 2871 Ista
254 2813 373 2891 quidem
389 2814 459 2890 quie
473 2823 544 2872 nota
562 2813 710 2884 mihitur,
726 2832 844 2892 magne,
861 2813 1008 2887 voluntas,

173 2905 304 2985 Jupiter,
321 2916 352 2966 et
365 2908 502 2966 Turnum
516 2917 546 2967 et
560 2917 658 2966 terras
673 2908 765 2965 invita
779 2908 896 2985 reliqui.

175 2999 242 3060 Neo
255 3009 289 3059 tu
303 3021 350 3059 me
366 3000 450 3060 aerii
463 3002 557 3061 solam
571 3021 650 3060 nuno
665 3001 737 3060 sede
751 3002 869 3061 videres
1111 3006 1170 3064 ato

174 3092 278 3174 Digna
293 3095 415 3174 indigna
429 3097 489 3173 pati
504 3117 512 3166 ;
536 3096 589 3154 sed
604 3097 729 3154 flammis
743 3097 843 3155 01110111
857 3099 913 3155 sub
929 3097 1024 3175 ipsam

175 3188 293 3248 Starem
308 3190 415 3261 eciem,
431 3192 641 3263 traheremque
655 3191 776 3249 inimica
790 3191 820 3248 in
834 3191 942 3267 proelia
956 3190 1103 3252 Teucros.

173 3281 336 3342 Juturnam
350 3284 472 3355 misero,
490 3286 595 3354 fateor,
612 3303 791 3342 succurrere
807 3284 892 3342 fratri

175 3376 273 3450 Suasi,
290 3386 319 3435 et
334 3397 388 3454 pro
402 3377 464 3436 11111
477 3379 592 3453 majora
607 3377 719 3435 audere
735 3378 859 3454 probavi
874 3396 881 3446 3

175 3469 244 3530 Non
258 3479 290 3529 ut
304 3471 365 3529 tela
378 3480 489 3542 tamen,
506 3491 564 3529 non
580 3484 612 3529 ut
627 3470 821 3528 contenderet
837 3488 963 3541 aroum;
1111 3472 1169 3532 ⁸15

175 3564 289 3642 Adjuro
306 3565 401 3643 Stygii
416 3575 505 3642 caput
521 3565 709 3642 implacabile
725 3565 824 3635 sontis,

176 3657 244 3718 Una
258 3660 428 3738 superstitio
443 3660 560 3736 superis
576 3679 642 3735 quae
656 3657 773 3716 reddite
787 3658 873 3718 divis.

175 3751 215 3811 Et
229 3738 312 3812 nuno'
323 3754 399 3812 cedo
414 3753 563 3829 equidem,
581 3771 757 3830 pugnasque
772 3772 864 3811 exosa
877 3751 1023 3832 relinquo.

175 3844 251 3906 Illud
263 3855 305 3918 te,
321 3846 404 3906 nulli
418 3848 470 3905 sati
486 3847 564 3923 quod
578 3847 647 3925 lege
661 3855 791 3918 tenetur,

174 3939 234 3999 Pro
248 3939 336 4000 Latio
350 3944 493 4013 obtestor,
510 3961 563 4019 pro
578 3942 735 4017 majestate
749 3949 887 4000 tuorum:
1109 3947 1168 4004 890

175 4033 277 4102 Quum
287 4036 350 4112 jem
365 4037 521 4095 connubiis
535 4056 639 4115 pacem
654 4037 801 4108 felicibus,
818 4045 894 4110 esto,

175 4127 374 4206 Component,
392 4151 481 4206 quum
492 4131 555 4207 jam
569 4130 654 4209 leges
668 4139 697 4189 et
713 4131 829 4190 soedera
837 4132 965 4210 jungent
983 4153 990 4203 ;

175 4223 223 4283 Ne
237 4234 324 4284 vetus
339 4227 495 4304 indigenas
510 4247 618 4286 nomen
633 4236 747 4287 mutare
763 4228 888 4288 Latinos
903 4249 910 4299 ;

175 4317 243 4378 Neu
257 4319 358 4378 Troas
373 4321 437 4379 fieri
447 4322 566 4398 jubens,
582 4322 780 4399 Teucrosque
794 4324 906 4397 vocari,

175 4413 235 4473 Aut
250 4434 356 4473 vocem
369 4423 484 4473 mutere
499 4415 589 4487 viros,
606 4423 657 4473 aut
675 4424 792 4474 vertere
807 4426 916 4477 vestes.
1108 4420 1165 4478 895

176 4506 219 4567 Sit
231 4507 365 4582 Latium,
381 4509 439 4567 sint
452 4510 564 4569 Albani
578 4528 632 4587 per
645 4511 758 4569 saecula
771 4530 861 4590 reges
876 4531 884 4580 ;

371 4605 410 4661 29
618 4657 619 4660 ,
846 4623 889 4672 ee
