2692 5122
175 356 237 413 2³4
463 344 489 391 r.
515 345 678 392 vraorcrr
705 344 877 395 »canorus

176 488 297 563 Tuque,
316 505 334 542 ο
349 484 442 561 Tybri
456 493 508 542 tuo
522 485 638 562 genitor
651 502 719 542 eum
732 485 852 543 flumine
865 489 981 555 saneto,

178 579 316 656 Accipite
330 578 463 648 AEnean,
480 586 510 634 et
524 577 642 634 tandem
657 587 758 635 arcete
772 577 901 655 periclis.

179 672 248 740 Quo
262 681 291 729 te
306 691 433 747 cumque
446 670 542 740 lacus,
559 671 749 728 miserantem
763 668 948 729 incommode
962 675 1074 741 noetm,

178 766 275 825 Fonte
288 774 379 835 tenet,
397 782 585 840 quocumque
600 763 664 821 solo
679 763 895 840 pulcherrimus
909 762 983 835 exis,
1124 762 1164 822 ¹16

180 859 302 935 Semper
316 857 428 914 honore
442 875 518 925 meo,
533 875 651 932 semper
664 856 857 914 celebrabere
871 855 966 926 donis,
997 916 1005 925 ,

179 951 330 1029 Corniger
343 950 546 1028 Hesperidum
560 949 667 1006 fluvius
680 958 824 1026 regnator
837 967 992 1025 aquarum.

178 1044 269 1103 Adsis
283 1064 300 1102 o
314 1043 438 1114 tantum,
455 1051 484 1100 et
499 1042 619 1120 propius
633 1050 685 1099 tue
698 1041 819 1099 numine
832 1042 932 1099 firmes
947 1043 954 1099 !

218 1138 268 1196 Sic
282 1145 436 1206 memoret,
453 1135 647 1213 geminasque
662 1134 733 1211 legit
748 1134 784 1191 de
799 1135 897 1193 classe
911 1135 1052 1206 biremes,

179 1231 378 1308 Remigioque
393 1239 472 1306 aptat
488 1249 496 1299 ;
520 1229 619 1287 socios
633 1229 719 1286 simul
734 1229 850 1285 instruit
869 1228 967 1287 armis.
1125 1229 1166 1289 00

178 1325 263 1383 Ecce
278 1334 387 1394 eutem,
403 1323 531 1381 subitum
546 1332 635 1398 atque
651 1320 746 1378 oculis
759 1321 894 1379 mirabile
908 1330 1083 1393 monstrum,

181 1418 319 1478 Candido
333 1436 386 1494 per
399 1418 503 1475 silvam
518 1435 585 1473 curn
600 1415 671 1472 soetu
687 1416 828 1472 concolor
843 1415 910 1472 albo

179 1511 353 1581 Procubuit,
370 1510 514 1585 viridique
529 1510 559 1567 in
572 1509 670 1566 littore
686 1507 878 1584 conspicitur,
894 1525 968 1567 sus:

181 1603 280 1671 Quam
294 1603 359 1679 pius
372 1603 492 1660 AEneas
505 1602 558 1658 tibi
572 1602 660 1671 enirn,
676 1601 740 1670 tibi,
756 1601 884 1659 maxima
895 1600 987 1671 Juno,

179 1697 305 1767 Mamm,
323 1717 411 1754 sucro
425 1696 535 1767 ferens,
552 1705 581 1754 et
595 1715 663 1753 cum
677 1715 770 1772 grege
786 1695 861 1752 sistit
875 1694 914 1753 ad
927 1714 1019 1754 aram.
1126 1696 1165 1755 06

180 1792 290 1869 Tybris
304 1790 342 1849 ed
355 1791 486 1863 fluvium,
503 1791 592 1865 qudm
605 1790 696 1866 longe
710 1799 765 1859 est,
782 1786 869 1848 nocte
883 1798 1046 1849 tumentem

180 1886 290 1956 Leniit,
307 1894 336 1943 et
351 1883 443 1942 tacitd
457 1884 587 1941 refluens
601 1883 642 1940 ita
656 1883 784 1940 substitit
799 1878 890 1955 undd,

180 1979 263 2037 Mitis
278 1988 309 2036 ut
323 1978 353 2035 in
367 1997 479 2035 morem
493 1977 591 2054 stagni
607 1976 790 2053 placideque
813 1976 929 2053 paludis

182 2073 334 2130 Sterneret
349 2091 450 2147 sequor
463 2071 559 2147 aquis,
575 2089 657 2127 remo
671 2078 701 2127 ut
715 2070 863 2128 luctamen
878 2072 1006 2131 abesset.

180 2166 264 2244 Ergo
280 2166 335 2223 iter
349 2165 498 2241 inceptum
513 2165 646 2222 celerant
660 2183 668 2232 ;
695 2184 812 2221 rumore
827 2165 960 2224 secundo
1127 2166 1166 2225 00

180 2259 306 2317 Labitur
320 2268 410 2316 uncta
424 2258 507 2315 vadis
522 2259 604 2315 abies
620 2276 627 2313 :
649 2258 794 2316 mirentur
809 2266 839 2316 et
853 2259 951 2330 undo,

181 2350 309 2409 Miratur
323 2370 426 2408 nemus
440 2351 588 2407 insuetum
603 2351 748 2427 fulgentia
768 2351 856 2429 longe

182 2446 274 2502 Scuta
288 2441 393 2514 virrim,
409 2444 498 2500 fluvio
513 2443 668 2520 pictasque
683 2444 786 2502 innare
800 2445 928 2504 carinas.

181 2537 240 2596 Olli
255 2537 378 2614 remigio
393 2545 569 2611 noctemque
585 2536 721 2612 diemque
736 2538 870 2615 fatigant,

180 2630 221 2688 Et
236 2631 341 2706 longos
356 2637 496 2706 superent
511 2629 616 2699 flexus,
633 2630 783 2707 variisque
797 2639 939 2709 teguntur
1128 2631 1167 2689 96

181 2723 357 2793 Arboribus,
375 2722 543 2798 viridesque
559 2733 662 2781 secent
677 2724 793 2800 placido
807 2744 927 2801 aequora
944 2725 1048 2784 silvas.

182 2817 232 2874 Sol
247 2816 374 2874 medium
389 2816 457 2874 coeli
473 2817 688 2874 conscenderat
704 2818 810 2895 igneus
824 2821 936 2891 orbem,

183 2909 283 2977 Quum
297 2929 407 2980 muros,
424 2928 584 2985 arcemque
598 2910 712 2987 procul,
729 2931 765 2968 ac
780 2931 849 2969 rare
862 2912 1016 2971 domorum

181 3004 278 3061 Tecta
293 3003 402 3073 vident,
420 3022 485 3079 quae
501 3022 579 3060 nunc
594 3003 731 3060 Romanu
746 3005 876 3080 potentie
891 3006 969 3065 coelo

181 3097 328 3173 AEqucvit
343 3117 350 3166 ;
374 3106 435 3155 tum
450 3116 499 3153 res
513 3097 616 3172 inopes
628 3096 788 3154 Evandrus
803 3096 942 3157 babebat.
1112 3100 1167 3158 100

182 3188 276 3249 Ocius
291 3191 446 3248 advertunt
463 3210 576 3266 proras,
595 3190 718 3265 urbique
734 3191 939 3267 propinquent.

220 3284 312 3341 Fortd
327 3284 373 3340 die
388 3284 550 3340 solemnem
565 3283 614 3340 illo
629 3302 681 3340 rex
694 3284 791 3340 Arcas
806 3283 946 3343 honorem

182 3377 453 3453 Amphitryoniadae
468 3395 577 3452 magno
592 3377 725 3452 divisque
740 3376 856 3434 serebat

182 3474 260 3531 Ante
276 3472 377 3528 urbem
393 3471 423 3527 in
437 3471 514 3527 luco.
554 3470 656 3528 Pallas
670 3472 739 3529 huic
755 3471 832 3528 filius
847 3470 918 3544 unzi,

182 3565 252 3625 Une
265 3584 367 3622 omnes
377 3565 519 3640 juvenum
533 3564 627 3641 primi,
645 3585 816 3642 pauperque
831 3575 964 3640 senatus,
1112 3568 1168 3627 106

184 3657 288 3716 Thura
302 3659 422 3727 dabant,
438 3658 613 3735 tepidusque
628 3678 717 3716 cruor
730 3659 862 3717 sumebat
876 3660 914 3718 ed
928 3679 1006 3721 eres.

183 3751 222 3809 Ut
238 3752 335 3809 celsas
350 3749 450 3809 viddre
464 3761 555 3822 rates,
573 3761 661 3827 atque
677 3752 754 3809 inter
769 3772 895 3829 opacum
998 3826 1003 3836 1

183 3845 283 3903 Allabi
297 3863 412 3915 nemus,
428 3852 456 3901 et
470 3845 567 3902 tacitis
581 3845 752 3903 incumbere
767 3847 857 3903 remis
870 3865 877 3915 ;

183 3937 349 3995 Torrentur
364 3939 426 3994 visu
442 3938 549 4009 subito,
567 3939 725 4014 cunctique
740 3939 852 3997 relictis

185 4030 378 4107 Consurgunt
392 4031 510 4089 mensis.
553 4031 660 4090 Audax
676 4052 749 4106 quos
763 4052 902 4108 rumpere
915 4033 1018 4093 Pelles
1112 4035 1167 4093 110

185 4125 279 4182 Sacra
293 4132 384 4197 vetat,
400 4135 543 4203 raptoque
558 4125 636 4182 volet
650 4125 709 4182 telo
724 4126 828 4183 obvius
842 4127 905 4204 ipse
921 4146 929 4197 ;
