2692 5122
191 373 247 430 ια)
489 370 515 416 Ρ.
529 369 695 416 vincturi
714 368 885 416 MARONIS

227 507 373 585 Quisquis
387 528 431 581 es,
448 510 538 581 baud,
555 509 656 581 credo,
673 508 786 567 invisus
800 506 975 567 coelestibus
989 525 1081 567 auras

187 600 305 661 Vitalas
319 604 429 681 carpis,
445 602 569 680 Tyriam
585 604 634 681 qui
650 602 807 661 adveneris
826 604 939 661 urbem.

187 695 286 774 Perge
301 697 399 769 modd,
417 707 506 775 atquc
521 698 590 755 hinc
604 707 634 755 te
649 697 763 774 reginae
778 696 815 754 ad
830 696 930 754 limina
949 695 1057 773 persar.

186 789 325 866 Namque
339 791 392 848 tibi
407 791 535 849 reduces
550 791 648 849 socios
663 790 852 866 classemque
866 791 992 847 relatam
1035 773 1061 800 ’
1119 791 1179 848 390

187 883 311 958 Nuntio,
327 895 357 945 et
372 887 400 944 in
415 896 511 944 tutum
525 887 620 945 versis
635 885 835 963 Aquilonibus
849 898 946 944 actam
961 904 969 955 ;

186 980 227 1039 Ni
242 980 352 1040 frustra
365 984 523 1062 augurium
538 984 608 1042 vani
621 981 751 1042 docuero
768 992 920 1061 parentes.

185 1075 317 1154 Adspice
332 1078 482 1161 biqsenos
496 1079 633 1136 laetantes
647 1078 765 1156 agmine
780 1097 902 1153 cycnos,
913 1045 944 1088 ᾖ

185 1168 331 1228 AEtberid
345 1178 419 1247 qubs
433 1172 518 1249 lapsa
533 1169 624 1250 plagii
636 1171 722 1230 Jovis
736 1172 800 1229 ales
815 1180 918 1248 aperto

185 1261 343 1322 Turbabat
358 1265 457 1336 coelo;
481 1285 560 1325 nunc
575 1273 672 1323 terras
686 1265 789 1323 ordine
804 1265 894 1341 longo
940 1294 949 1305 ·

186 1355 249 1415 Aut
263 1377 384 1435 capere,
401 1367 452 1416 aut
466 1368 572 1437 captas
590 1359 653 1435 jam
668 1357 1006 1436 despectare-videntur.

186 1447 226 1508 Ut
240 1450 368 1508 reduces
383 1451 425 1508 illi
439 1452 543 1510 ludunt
558 1452 752 1510 stridentibus
766 1452 832 1523 alis,

185 1541 226 1601 Et
240 1552 320 1601 coetu
336 1542 457 1603 cinxdre
473 1546 582 1622 polum,
598 1554 765 1622 cantusque
785 1544 895 1604 deddre
910 1565 918 1615 ;

186 1635 281 1694 Haud
295 1637 382 1695 aliter
397 1657 570 1715 puppesque
584 1647 655 1710 tuoe,
673 1641 827 1716 pubesque
842 1649 969 1710 tuorum,

185 1729 247 1789 Aut
260 1739 377 1808 portum
391 1739 483 1803 tenet,
501 1741 552 1790 aut
566 1733 655 1810 pleno
669 1732 748 1790 subit
763 1733 839 1790 ostia
854 1733 930 1803 velo.

185 1824 285 1905 Perge
300 1827 366 1885 mod
432 1837 443 1885 t
459 1827 519 1904 quai
532 1838 562 1887 te
577 1829 658 1888 ducit
673 1829 721 1886 via
735 1827 830 1907 dirige
846 1814 992 1906 gressum.

224 1919 319 1993 Dixit,
337 1930 365 1979 et
400 1931 521 1980 vertens
535 1921 625 1981 rosea
638 1923 757 1980 cervice
771 1922 898 1995 refulsit,

185 2015 412 2093 Ambrosiasque
427 2036 521 2075 comae
536 2017 668 2075 divinum
682 2017 795 2074 vertice
810 2004 944 2075 odorem⁴

186 2106 346 2188 spiravere
361 2129 368 2180 ;
394 2110 485 2188 pedes
499 2111 590 2169 vestis
605 2110 727 2168 defluxit
742 2110 779 2167 ad
794 2110 890 2181 imos;

185 2202 226 2262 Et
242 2224 315 2262 vcra
329 2205 447 2295 incequ
463 2206 555 2283 patuit
571 2205 637 2264 dea.
653 2226 660 2249 ¹
682 2205 747 2275 1116,
764 2206 815 2263 ubi
829 2212 955 2263 matrem

185 2296 328 2376 Agnovit,
344 2298 397 2356 tali
412 2296 575 2376 lugientem
590 2307 635 2356 ast
649 2319 723 2356 voce
737 2307 858 2357 secutus
874 2317 880 2355 :

187 2390 268 2459 Quid
282 2403 384 2451 natum
402 2394 500 2465 toties,
518 2395 648 2451 crudelis
662 2403 694 2451 tu
710 2414 839 2471 quoque,
856 2394 939 2451 salsis

185 2483 280 2544 Ludis
295 2486 500 2565 imaginibus?
523 2507 577 2544 cur
590 2488 702 2546 dextrae
720 2489 849 2565 jungere
865 2487 1000 2545 dextram

186 2577 256 2637 Non
271 2579 367 2650 datur,
385 2599 523 2643 amveras
538 2581 641 2638 audire
656 2591 685 2638 et
700 2581 826 2640 reddere
843 2600 932 2638 voces
948 2581 958 2636 ἒ

185 2672 313 2731 Talibus
327 2674 455 2744 incusat,
472 2693 670 2751 gressumque
685 2677 721 2733 ad
737 2675 846 2733 moenia
860 2661 970 2767 tenditae.

179 2746 225 2825 At
239 2766 345 2824 Venus
358 2767 488 2824 obscuro
502 2767 674 2844 gradientes
690 2770 760 2827 ae‘re
775 2769 877 2845 sepsit,

185 2861 226 2919 Et
240 2860 331 2918 multo
345 2861 463 2918 ncbulae
479 2860 591 2920 circum
606 2862 663 2920 dea
677 2863 750 2921 fudit
766 2863 876 2921 amictu
891 2881 899 2931 ;

186 2952 323 3013 Cernere
338 2973 375 3012 nc
391 2954 458 3031 quis
473 2974 535 3026 eos,
552 2973 609 3014 neu
626 2956 692 3032 quis
707 2957 881 3033 contingere
897 2964 1008 3033 posset,

184 3046 324 3106 Molirive
340 3068 462 3119 moram,
479 3059 530 3107 aut
546 3050 682 3108 veniendi
699 3069 824 3128 poscere
839 3069 959 3109 causas.

186 3139 257 3219 Ipsa
271 3143 408 3220 Paphum
422 3143 556 3202 sublimis
571 3145 642 3215 abit,
659 3145 807 3222 sedesque
822 3145 924 3203 revisit

177 3232 273 3291 Laeta
287 3255 369 3307 suas,
387 3237 436 3293 ubi
450 3237 592 3314 templum
606 3238 659 3308 illi,
676 3248 856 3315 contumque
872 3240 979 3298 Saboeo

186 3323 289 3383 Thura
305 3329 404 3386 calent
419 3350 489 3400 arae,
506 3331 654 3407 sertisque
668 3333 840 3389 recentibus
854 3332 966 3391 halant.

226 3418 410 3497 Corripuire
426 3423 503 3511 vium
517 3425 643 3495 interea,
660 3423 721 3500 qud
735 3425 840 3482 semita
855 3433 1009 3506 monstrat

185 3512 314 3588 Jamque
330 3516 532 3575 ascendebant
547 3519 664 3589 collem,
682 3519 732 3594 qui
746 3519 889 3596 plurimus
905 3519 972 3577 urbi

186 3604 333 3676 Imminet,
351 3608 552 3686 adversasque
569 3612 721 3689 adspectat
736 3612 866 3689 desuper
879 3626 977 3673 arcus.

179 3676 315 3758 ”iratur
329 3702 436 3758 molem
450 3704 581 3775 AEneas,
598 3707 727 3784 magalia
743 3706 891 3782 quondam
906 3726 914 3777 ;

186 3791 314 3851 Miratur
329 3802 440 3869 portas,
457 3798 682 3876 strepitumque,
699 3808 728 3857 ct
743 3809 838 3858 strata
851 3801 975 3862 viarum.

187 3884 300 3943 instant
316 3888 455 3945 ardentes
468 3889 553 3964 Tyrii
569 3910 575 3946 τ
599 3913 669 3968 pars
683 3895 794 3953 ducere
809 3915 920 3967 muros,

184 3976 343 4055 Molirique
359 4000 469 4050 arcem,
487 3989 516 4038 et
531 3985 667 4043 manibus
688 3990 866 4047 subvolvere
881 4008 975 4060 saxa;

186 4070 262 4131 Pars
275 4084 378 4151 optare
393 4074 491 4131 locum
505 4084 596 4148 tecto,
613 4089 641 4137 et
656 4081 836 4140 concludere
852 4083 947 4141 sulco.
1117 4090 1177 4149 496

145 4146 172 4171 ⁸
185 4163 273 4239 dura,
290 4169 540 4247 magistratusque
556 4170 668 4248 legunt,
685 4183 881 4250 sanctumque
896 4186 1067 4275 senatum?
