2692 5122
186 376 243 433 1¹12
482 367 686 414 P.V1RG1L11
705 365 874 414 manoms

183 507 223 568 Et
238 508 298 566 sors
312 505 438 583 aequatis
452 505 602 583 cepissent
617 505 738 582 praemia
749 504 864 575 rostris,

182 601 233 672 Ni,
251 601 367 678 palmas
379 608 466 677 ponto
480 599 605 657 tendens
619 608 772 674 utrasque,
789 596 957 657 Cloanthus

183 690 383 769 Fudissetque
398 711 515 770 preces,
532 692 675 768 divosque
690 692 720 749 in
734 697 803 748 vota
818 688 974 748 vocasset:

183 786 236 859 Di,
253 787 359 864 quibus
373 786 527 863 imperium
541 794 586 842 eat
601 785 709 861 pelagi,
727 802 851 859 quorum
865 800 986 858 aequora
998 782 1168 854 curro,285

184 878 281 939 Vobis
294 880 380 937 latus
395 898 451 956 ego
466 878 522 935 hoc
536 877 713 935 candentem
728 878 758 935 in
771 876 868 933 littore
882 883 1000 932 taurum

185 972 372 1032 Constituam
387 981 455 1029 anta
470 989 550 1041 aras,
567 970 626 1028 voti
640 989 722 1041 reus,
738 978 865 1045 extaque
880 968 976 1026 salsos

182 1065 346 1124 Porriciam
361 1065 390 1122 in
404 1064 522 1134 fluctus,
539 1070 568 1120 et
582 1064 651 1121 vina
664 1063 807 1140 liquentia
821 1061 948 1120 lundam.

115 1175 117 1179 ’
182 1157 277 1229 Dixit,
294 1175 422 1232 eumque
437 1156 502 1213 imis
516 1157 570 1213 suh
584 1156 723 1213 fluctibus
737 1155 827 1213 audiit
841 1154 937 1212 omnis

181 1253 347 1311 Nereidum
360 1251 529 1327 Phorcique
545 1251 664 1322 chorus,
679 1250 880 1328 Panopeaque
896 1250 980 1328 virgo
993 1268 1002 1319 3

181 1345 221 1403 Et
236 1354 321 1422 pater
334 1345 397 1422 ipse
411 1364 500 1401 manu
515 1343 625 1421 magnii
638 1343 788 1401 Portunus
802 1351 922 1400 euntem

181 1439 308 1517 Impulit.
349 1438 407 1497 Illa
420 1439 499 1497 Noto
514 1439 600 1497 citihs
614 1439 787 1515 volucrique
802 1436 912 1517 sagitta
946 1458 965 1493 a

180 1534 228 1593 Ad
241 1542 351 1591 terram
366 1533 450 1611 sugit,
467 1541 496 1590 et
511 1541 594 1610 portu
609 1551 642 1590 se
656 1532 786 1591 condidit
802 1532 872 1609 altp.

218 1626 299 1684 Tum
312 1635 395 1683 satus
409 1624 552 1696 Anchisa,
569 1625 684 1684 cunctis
698 1644 735 1682 ex
749 1644 829 1682 more
844 1624 968 1696 vocatis,

179 1718 334 1778 Victorem
347 1717 457 1796 magnii
472 1719 617 1796 praeconis
632 1737 705 1776 voce
721 1715 900 1776 Cloanthum

179 1812 334 1882 Declarat‚
350 1811 495 1887 viridique
510 1811 628 1868 advelat
642 1819 775 1888 tempora
788 1811 873 1868 lauro
887 1829 895 1879 ;

178 1904 366 1981 Muneraque
381 1904 411 1962 in
425 1923 516 1962 naves
529 1915 630 1962 ternos
644 1912 747 1981 optare
763 1904 921 1979 juvencos,

180 1997 330 2074 Vinaque,
347 2007 376 2055 et
391 1997 507 2074 argenti
521 2016 662 2075 magnum
676 1997 726 2054 dat
741 1997 817 2054 serre
833 1997 985 2054 talentum.

181 2090 257 2168 Ipsis
272 2090 439 2168 praecipuos
453 2090 625 2148 ductoribus
640 2090 719 2147 addit
737 2090 865 2147 honores
881 2108 888 2146 τ

179 2185 295 2244 Victori
310 2187 496 2262 chlamydem
510 2196 655 2256 auratam,
673 2206 759 2262 quam
774 2187 899 2263 plurima
913 2185 1025 2245 circum

178 2279 316 2356 Purpura
329 2279 484 2336 Maeandro
498 2279 607 2356 duplici
620 2278 765 2337 Meliboea
779 2279 912 2337 cucurrit
926 2298 934 2349 ;

179 2369 373 2446 intextusque
388 2391 461 2447 puer
476 2370 615 2429 frondosi
629 2373 730 2449 regius
746 2370 801 2430 ldd

179 2462 310 2521 Veloces
326 2464 428 2539 jaculo
443 2484 548 2522 cervos
563 2484 713 2540 cursuque
733 2465 836 2543 fatigat

178 2557 270 2627 Acer,
288 2557 438 2615 anhelanti
453 2558 555 2616 similis
569 2578 577 2627 ;
607 2578 694 2634 quem
708 2578 824 2634 praepes
839 2561 875 2616 ab
891 2557 947 2617 lde

180 2651 340 2708 Sublimem
354 2650 477 2726 pedibus
492 2652 588 2728 rapuit
601 2652 687 2709 Jovis
701 2652 831 2728 armiger
845 2652 930 2721 uncis
945 2671 953 2721 ;

178 2742 323 2820 Longaevi
338 2744 451 2819 palmas
465 2745 664 2821 nequidquam
679 2744 716 2800 ad
731 2744 829 2801 sidera
843 2745 966 2803 tendunt

181 2832 339 2906 Custodes,
357 2837 499 2912 saevitque
514 2857 621 2894 canum
635 2837 760 2894 latratus
775 2837 804 2894 in
819 2857 918 2897 auras.

177 2930 228 2999 At,
247 2930 296 3005 qui
312 2929 418 2987 deinde
433 2930 530 2987 locum
544 2931 637 2988 tenuit
652 2931 759 2987 virtute
774 2930 947 3002 secundum,

178 3021 309 3080 Levibus
324 3023 393 3080 huic
408 3023 502 3080 hamis
518 3032 686 3080 consertam
700 3043 832 3099 auroque
846 3023 974 3081 trilicem

176 3114 327 3187 Loricam,
345 3136 432 3193 quam
448 3117 593 3173 Demoleo
608 3117 777 3175 detraxerat
791 3117 854 3192 ipse

176 3208 282 3266 Victor
296 3209 373 3285 apud
388 3209 522 3285 rapidum
538 3210 688 3268 Simoenta
700 3211 755 3266 sub
771 3209 825 3266 llio
841 3209 910 3280 alto,

176 3300 277 3359 Donat
294 3301 404 3358 habere
421 3301 495 3369 viro,
512 3301 604 3358 decus
619 3311 647 3358 et
662 3310 793 3359 tutamen
807 3303 836 3359 in
852 3302 969 3384 armia·

176 3392 236 3448 Vix
249 3393 328 3449 illam
343 3393 444 3449 famuli
457 3392 598 3469 Phegeus
617 3380 799 3470 Sagarisqhe
814 3374 949 3453 sereffant

175 3484 383 3560 Multiplicem,
400 3485 517 3541 connixi
532 3486 662 3570 humeris
676 3505 683 3554 ;
708 3488 827 3544 indutus
841 3495 869 3544 at
884 3488 954 3545 olim

175 3577 338 3637 Demoleos
352 3597 442 3635 cursu
459 3578 591 3654 palantes
604 3579 702 3636 Troas
717 3583 834 3657 agebat.

175 3669 280 3727 Tertia
294 3670 371 3728 dona
386 3670 455 3727 lacit
470 3671 603 3747 geminos
618 3691 655 3729 ex
670 3692 729 3730 aere
744 3674 869 3745 lebetas,

177 3762 363 3840 Cymbiaque
378 3772 503 3840 argento
518 3765 661 3841 perfecta,
678 3774 767 3842 atque
783 3786 892 3843 aspera
905 3766 1013 3845 signis.

175 3856 303 3931 Jamque
318 3856 392 3914 aded
408 3857 507 3914 donati
522 3879 634 3929 omnes,
651 3860 815 3935 opibusque
831 3860 961 3937 superbi,

175 3948 316 4006 Puniceis
331 3950 412 4007 ibant
427 3950 535 4008 evincti
548 3960 681 4029 tempora
695 3954 791 4011 taeniis
807 3973 813 4022 ;

177 4039 287 4111 Quum,
304 4062 384 4100 saevo
398 4061 415 4099 e
431 4045 552 4119 scopulo
566 4045 659 4103 multi
673 4048 720 4104 vix
735 4055 799 4103 arte
814 4047 961 4118 revulsus,

176 4136 302 4193 Amissis
316 4137 415 4208 remis,
431 4147 518 4213 atque
533 4139 635 4197 ordine
650 4140 755 4198 debilis
775 4160 843 4211 uno,
