2692 5122
479 759 697 810 GEORGICON
718 761 787 811 ΜΒ.
802 762 855 810 111.

175 901 361 973 Concussae,
377 900 531 977 silviaque,
547 908 577 959 et
592 900 665 959 sicci
679 899 743 977 ripa
757 899 901 980 Tanagri.

175 996 244 1055 Hoc
259 994 408 1072 quondam
421 1002 552 1052 monstro
566 994 723 1054 horribiles
736 997 870 1053 exercuit
884 995 946 1054 iras

176 1088 306 1148 Inachiae
320 1088 401 1147 Juno
415 1097 530 1165 pestem
545 1086 687 1145 meditata
701 1086 850 1162 juvenca.

175 1185 267 1244 Hunc
282 1203 411 1261 quoque,
426 1204 498 1242 nam
510 1183 615 1242 mediis
628 1183 794 1242 fervoribus
808 1185 906 1242 acrior
920 1185 1019 1258 instat,

176 1278 303 1338 Arcebis
322 1277 446 1356 gravido
461 1277 573 1355 pecori,
589 1284 783 1352 armentaque
798 1297 905 1354 pasces

177 1373 244 1430 Sole
258 1371 367 1431 recens
381 1379 457 1443 orto,
473 1379 524 1429 aut
542 1379 660 1428 noctem
674 1370 849 1429 ducentibus
864 1373 961 1432 astris.

213 1467 286 1525 Post
300 1477 427 1543 partum,
444 1485 519 1524 cura
530 1466 561 1524 in
575 1465 683 1523 vitulos
696 1464 861 1525 traducitur
874 1466 969 1524 omnis
983 1485 991 1536 3

177 1558 388 1635 Contiuudqua
402 1567 489 1616 notas
503 1567 531 1617 et
546 1559 665 1616 nomina
678 1559 777 1637 gentis
790 1559 911 1618 inurunt
927 1578 934 1629 ;

175 1655 215 1714 Et
231 1675 305 1731 quos
318 1662 369 1712 aut
383 1654 486 1732 pecori
499 1654 601 1712 malint
613 1656 786 1712 submittere
800 1653 948 1725 habendo,

175 1749 236 1807 Aut
251 1748 310 1805 aris
324 1766 445 1806 servare
459 1766 573 1818 sacros,
590 1755 640 1804 aut
654 1747 790 1806 scindere
805 1756 926 1819 terram,

176 1840 217 1899 Et
231 1859 366 1919 campum
379 1840 549 1899 horrentem
563 1840 664 1899 fractis
678 1841 827 1900 invertere
840 1841 937 1920 glebis
952 1859 959 1899 τ

178 1933 299 1994 Cretera
313 1943 475 2011 pascuntur
489 1935 598 1992 virides
612 1943 743 1993 armenta
759 1955 812 2013 per
826 1936 945 1996 herbas.

175 2026 223 2085 'l'u
239 2047 313 2103 quos
328 2027 366 2086 ad
379 2028 508 2086 studium
521 2037 610 2105 atque
626 2048 711 2086 usum
724 2029 864 2090 formabis
879 2036 1038 2108 agrestem,

176 2119 245 2180 Jam
257 2122 366 2179 vitulos
379 2122 508 2193 hortare,
525 2123 662 2198 viamque
677 2123 779 2181 insiste
792 2123 941 2194 domandi,

176 2212 256 2272 Dum
270 2214 376 2272 faciles
389 2216 478 2273 animi
494 2216 648 2291 juvenum,
664 2216 734 2274 dum
748 2217 863 2274 mobilis
877 2225 960 2276 atas.

178 2306 225 2366 Ac
239 2307 363 2385 primum
379 2308 463 2367 laxos
476 2310 559 2367 tenui
573 2309 610 2367 de
625 2310 733 2366 vimine
747 2309 856 2367 circlos

179 2400 299 2460 Cervici
312 2403 456 2460 subnecte
471 2421 479 2471 ;
502 2401 620 2473 dehinc,
637 2403 687 2459 ubi
701 2401 795 2458 libera
809 2402 887 2459 colla

179 2495 304 2553 Servitio
318 2493 479 2565 assuerint,
495 2495 566 2572 ipsis
581 2514 599 2551 e
611 2494 767 2569 torquibus
781 2502 865 2570 aptos

177 2586 277 2666 Junge
293 2608 390 2666 pares,
408 2597 438 2647 et
452 2607 528 2666 coge
542 2587 667 2666 gradum
681 2587 817 2644 conferre
834 2586 980 2661 juvencos
995 2605 1004 2656 3

178 2680 278 2758 Atque
292 2682 350 2740 illis
367 2682 429 2757 jam
447 2680 527 2759 saepd
542 2689 615 2739 rotae
630 2680 776 2738 ducantur
788 2681 893 2738 inanes

178 2773 236 2833 Per
248 2783 371 2847 terram,
387 2783 417 2832 et
430 2794 544 2832 summo
559 2774 685 2851 vestigia
699 2773 821 2850 pulvera
835 2773 962 2852 signent.

178 2868 249 2928 Pdst
264 2871 363 2951 valido
376 2871 473 2928 nitens
487 2871 542 2928 sub
557 2868 687 2947 pondere
703 2869 820 2948 faginus
834 2870 898 2928 axia

179 2965 338 3044 instrepat,
354 2975 385 3024 et
402 2967 522 3042 junctos
535 2975 614 3023 temo
627 2967 726 3023 trahat
741 2986 838 3025 oereus
852 2967 949 3024 orbes.

180 3058 299 3118 Interea
313 3061 383 3138 pubi
397 3060 544 3118 indomitus
558 3080 617 3118 non
632 3060 767 3138 gramina
779 3059 903 3130 tantum,

179 3153 243 3211 Nec
259 3173 366 3212 vescas
380 3154 505 3211 salicum
518 3153 646 3224 frondes,
664 3154 822 3229 ulvamque
836 3153 1007 3229 palustrem,

180 3246 237 3304 Sed
251 3247 398 3304 frumenta
412 3265 501 3307 manu
515 3266 622 3324 carpes
636 3255 703 3303 sata
716 3265 724 3317 3
748 3265 804 3303 nec
817 3246 871 3303 tibi
885 3245 976 3315 loetra,

179 3338 263 3397 More
278 3348 405 3417 patrum,
421 3340 508 3398 nivea
523 3339 684 3416 implebunt
698 3338 870 3396 mulctraria
883 3356 985 3396 vaccae
999 3356 1008 3407 ;

180 3431 237 3489 Sed
254 3439 318 3490 tota
332 3432 361 3489 in
375 3432 478 3489 dulces
492 3438 666 3488 consument
680 3433 774 3487 ubera
790 3437 884 3487 natos.

218 3525 269 3582 Sin
283 3524 321 3581 ad
335 3525 414 3582 bella
428 3523 525 3601 magis
538 3523 677 3593 studium,
692 3530 865 3597 turmasque
879 3521 1005 3594 seroces,

179 3618 238 3675 Aut
253 3618 371 3694 Alphea
385 3618 458 3676 rotis
473 3617 596 3693 praelabi
613 3616 734 3673 flumina
748 3616 838 3687 Pisae,

179 3709 219 3767 Et
232 3710 317 3767 Jovis
331 3710 359 3767 in
374 3711 443 3767 luco
457 3728 563 3767 currus
578 3709 694 3786 agitare
708 3709 841 3766 volentes
855 3727 862 3778 ;

180 3802 296 3860 Primus
310 3803 380 3879 equi
393 3803 478 3861 labor
491 3811 547 3872 est,
564 3803 678 3860 animos
692 3810 782 3879 atquc
796 3821 881 3860 erma
894 3803 995 3862 videre

179 3894 356 3968 Bellantitm,
372 3897 519 3971 lituosque
534 3896 605 3972 pati,
621 3904 778 3973 tractuque
794 3905 964 3975 gementem

180 3987 273 4047 Ferre
286 3997 391 4061 rotam,
407 3997 437 4046 et
451 3990 566 4047 stabulo
581 3989 691 4047 fraenos
705 3990 808 4047 audire
824 3999 983 4060 sonantea3

180 4079 255 4139 Tum
269 4082 366 4160 magis
383 4090 471 4158 atque
485 4081 582 4160 magis
596 4081 712 4139 blandis
726 4083 858 4159 gaudere
870 4082 1004 4161 magistri

180 4172 343 4248 Laudibus,
360 4184 389 4233 et
403 4177 515 4252 plausae
530 4176 657 4233 sonitum
671 4176 798 4233 cervicis
811 4196 923 4235 amara.

181 4267 277 4344 Atque
291 4269 358 4327 haec
374 4269 435 4344 jam
453 4269 547 4346 primo
561 4268 701 4345 depulsus
715 4271 753 4326 ab
768 4272 859 4328 ubere
874 4270 975 4329 matria

181 4360 307 4433 Audeat,
324 4362 413 4437 inque
428 4362 523 4420 vicem
536 4362 584 4420 det
598 4363 735 4420 mollibus
747 4383 801 4422 ora
814 4364 951 4443 capistris

174 4451 342 4540 invalidus,
358 4457 507 4531 etiamque
525 4464 665 4528 tremens,
682 4458 770 4515 etiam
784 4458 896 4516 inscius
909 4456 974 4517 aevi.

182 4546 231 4621 At,
245 4550 342 4608 tribus
355 4551 479 4621 exactis,
495 4550 545 4609 ubi
560 4559 666 4627 quarta
680 4552 841 4611 accesserit
857 4559 956 4623 tames,

453 4647 497 4702 6*
872 4663 883 4703 1
