2692 5122
506 782 680 832 AENEIDOS
699 783 769 830 ΗΒ.
783 783 848 832 Vll.

183 923 241 993 Qui
256 923 436 983 Nomentum
450 923 564 995 urbem,
581 923 631 999 qui
644 923 749 981 Rosea
761 944 833 982 rura
846 923 957 995 Velini,

182 1018 241 1088 Qui
254 1019 386 1077 Tetricae
401 1018 556 1076 horrentes
570 1037 670 1095 rupes,
687 1029 874 1095 montemque
890 1021 1044 1089 Severum,

182 1112 415 1190 Casperiamque
429 1112 539 1182 colunt,
555 1111 753 1187 Forulosque,
770 1121 799 1169 et
813 1112 922 1170 flumen
936 1111 1077 1170 Himellae
1092 1130 1101 1182 3

182 1205 242 1275 Qui
255 1207 382 1284 Tybrim
395 1206 596 1282 Fabarimque
610 1206 712 1263 bibunt
726 1226 734 1275 ;
759 1226 832 1282 quos
847 1206 954 1283 frigida
967 1206 1044 1264 misit
1105 1206 1164 1263 '115

181 1299 303 1370 Nursia,
321 1307 350 1357 et
364 1299 502 1357 Hortinae
516 1299 640 1370 classes,
658 1300 816 1377 populique
830 1299 929 1357 Latini
944 1318 952 1369 ;

183 1392 326 1469 Quosque
341 1410 448 1450 secane
462 1392 622 1450 iufaustum
636 1393 767 1450 interluit
780 1392 861 1450 Allia
875 1411 979 1450 nomen
994 1410 1002 1448 ε

182 1484 278 1554 Quam
292 1486 376 1544 multi
389 1485 505 1562 Libyco
520 1487 677 1544 volvuntur
691 1504 836 1543 marmore
851 1486 969 1556 fluctus,

182 1581 284 1638 Saevus
298 1579 349 1637 ubi
363 1579 457 1638 Orion
472 1579 603 1637 hibernis
617 1580 754 1637 conditur
768 1579 855 1636 undis
869 1598 876 1648 3

181 1671 237 1731 Vel
252 1690 343 1749 quum
356 1672 419 1730 sole
434 1692 510 1730 novo
524 1672 624 1730 densae
639 1680 788 1730 torrentur
804 1673 914 1742 aristae,
1107 1672 1165 1729 720

180 1766 241 1825 Aut
254 1764 363 1824 Hermi
377 1783 493 1841 campo,
511 1773 561 1822 aut
574 1764 678 1841 Lyciae
693 1765 870 1822 flaventibus
884 1765 972 1823 arvis.

182 1857 271 1916 Scuta
285 1864 403 1928 sonant,
421 1858 567 1934 pulsuque
582 1857 689 1934 pedum
702 1858 863 1915 conterrita
876 1857 975 1915 tellus.

217 1949 301 2008 Hinc
318 1950 581 2027 Agamemnonius,
597 1950 720 2026 Trojani
734 1950 860 2008 nominis
874 1949 977 2020 hostis,

182 2041 280 2104 Curru
290 2042 390 2120 jungit
404 2042 538 2101 Halesus
552 2062 655 2119 equos,
672 2043 835 2118 Turnoque
850 2043 967 2100 seroces

181 2135 262 2194 ldille
276 2136 353 2213 rapit
369 2137 510 2214 populos:
533 2144 651 2194 vertunt
665 2136 764 2194 felicia
778 2135 901 2193 Baccho
1106 2135 1164 2192 'th

181 2229 314 2288 Massica
327 2229 377 2306 qui
391 2229 505 2301 rastris,
521 2236 551 2287 et
568 2249 642 2304 quos
655 2228 692 2285 de
707 2229 833 2286 collibus
848 2229 915 2286 altis

182 2322 316 2381 Aurunci
329 2319 437 2381 misire
452 2332 562 2399 patres,
579 2322 769 2397 Sidicinaque
780 2320 865 2397 juxtd

181 2415 330 2492 AEquora,
348 2416 457 2492 quique
473 2414 566 2473 Cales
580 2415 726 2490 linquunt,
742 2414 897 2490 amnisque
913 2413 1017 2472 vadosi

181 2510 295 2569 Accola
308 2508 459 2579 Vulturni,
477 2508 646 2585 pariterque
661 2508 812 2565 Saticulus
827 2526 925 2584 asper,

181 2601 386 2679 Oscorumque
401 2621 515 2660 manus.
556 2601 684 2658 Teretes
698 2608 766 2658 sunt
781 2601 903 2677 aclydes
916 2601 975 2659 illis
1106 2603 1165 2660 730

180 2695 275 2764 Tela3
292 2695 345 2752 sed
360 2694 424 2751 haec
439 2694 519 2751 lento
532 2714 596 2751 mos
610 2703 655 2751 est
670 2703 773 2770 aptare
789 2694 908 2771 flagello
923 2713 930 2763 ;

180 2787 287 2847 Laevas
301 2797 394 2845 caetra
407 2788 480 2865 tegit
496 2806 503 2855 ;
528 2788 629 2845 falcati
643 2787 807 2846 comminus
821 2807 918 2847 enses.

216 2882 284 2939 Nec
298 2889 330 2938 tu
345 2882 526 2939 carminibus
538 2882 646 2939 nostris
660 2881 788 2939 indictus
803 2882 908 2953 abibis,

181 2973 302 3046 OEbale,
321 2993 407 3050 quem
422 2973 586 3052 generasse
600 2975 696 3032 Telon
711 2975 871 3032 Sebethide
885 2972 1016 3052 nymphia

180 3067 299 3138 Fertur,
315 3065 480 3125 Teleboum
495 3067 631 3145 Capreas
646 3088 736 3144 quum
750 3087 844 3146 regna
858 3076 974 3126 teneret
1106 3067 1164 3126 735

180 3161 248 3220 Jam
262 3161 383 3230 senior;
409 3161 509 3237 patriis
523 3162 576 3218 sed
590 3181 648 3219 non
662 3171 691 3220 et
706 3162 783 3220 filius
798 3162 877 3219 arvis

181 3252 357 3324 Contentus,
373 3253 431 3312 late
441 3254 579 3330 jamtum
593 3255 702 3312 ditione
718 3257 869 3332 premebat

181 3347 331 3404 Sarrastes
346 3348 479 3423 populos,
496 3357 525 3405 et
540 3367 606 3423 quoe
621 3348 699 3423 rigat
714 3367 836 3422 aequora
850 3348 974 3417 Sarnus,

181 3437 299 3515 Quique
315 3439 438 3509 Rufras,
454 3440 653 3514 Batulumque
667 3447 780 3508 tenent,
798 3447 887 3513 atque
902 3458 975 3495 arva
989 3438 1145 3510 Celennia,

180 3528 218 3589 lu
232 3552 307 3608 quos
321 3533 464 3589 maliferae
478 3532 653 3608 despectant
668 3531 777 3588 moenia
790 3531 906 3588 Abellae
920 3550 927 3586 :
1107 3532 1165 3589 740

179 3623 345 3683 Teutonico
359 3626 416 3683 ritu
431 3626 509 3683 soliti
522 3635 663 3701 torquere
679 3625 792 3682 cateias
806 3644 813 3694 ;

180 3716 326 3796 Tegmina
342 3719 427 3793 queis
442 3718 572 3796 capitum
587 3727 690 3795 raptus
706 3717 743 3774 de
758 3721 865 3776 subere
879 3727 1002 3790 corten

180 3809 357 3887 AEratoeque
372 3813 481 3870 micant
496 3812 594 3889 peltae,
611 3811 700 3869 micat
715 3831 812 3870 tereus
826 3813 915 3872 ensis.

216 3905 256 3962 Et
270 3918 300 3962 te
315 3915 455 3964 montosae
470 3904 578 3965 misere
593 3905 622 3962 in
638 3905 743 3983 proelia
759 3907 877 3978 Nersae,

180 3997 282 4070 Ufens,
299 4000 445 4078 insignem
461 4001 539 4060 samii
553 4009 582 4059 et
597 4001 734 4060 felicibus
749 4002 838 4059 armis
852 4021 860 4072 ;
1105 4001 1163 4061 ⁷45

180 4089 313 4150 Horrida
327 4095 475 4172 praecipue
490 4095 539 4153 cui
553 4114 638 4172 gens,
655 4104 835 4170 assuetaque
850 4095 940 4154 multo

179 4183 298 4244 Venatu
312 4206 475 4259 nemorum,
492 4187 574 4245 duris
588 4188 757 4263 AEquicula
770 4187 866 4265 glebis
881 4207 889 4245 τ

180 4278 294 4337 Armati
307 4288 417 4340 terram
431 4292 583 4352 exercent,
600 4300 776 4359 semperque
790 4290 927 4340 recentes

181 4370 370 4432 convectare
379 4375 464 4450 juvat
480 4374 606 4452 praedas,
623 4384 652 4432 et
667 4376 766 4432 vivere
781 4383 874 4452 rapto.

219 4467 301 4535 Quin
316 4477 344 4526 et
359 4469 517 4528 Marrubii
530 4470 611 4527 venit
625 4469 661 4527 de
677 4479 766 4546 gente
781 4470 932 4541 sacerdos,
1106 4471 1164 4527 750

179 4559 300 4620 Fronde
315 4581 406 4639 super
419 4562 536 4638 galeam
550 4570 580 4621 et
593 4562 674 4621 felici
689 4562 925 4639 comptusolivii,

404 4655 446 4713 90
