2692 5122
179 422 233 479 126
468 416 493 463 P.
518 417 688 465 VIRGILll
715 417 889 467 Msaoms

175 557 282 633 Teque
297 565 425 633 tuosque
443 556 528 631 juvat
543 577 550 626 3
575 566 656 635 patet
671 558 719 616 isti
736 558 831 634 janua
844 558 904 615 leto
920 575 927 614 z

175 652 305 726 Jamque
321 650 416 708 aderit
430 653 522 709 multe
536 651 649 709 Priami
663 651 699 708 dc
714 651 860 729 sunguine
874 650 1020 728 Pyrrhus,

176 745 205 803 N
208 754 289 805 atum
303 754 372 803 ante
388 765 441 803 ora
455 746 558 823 patris,
576 754 691 823 patrem
706 746 757 822 qui
771 738 981 803 obtruncat'ad
997 763 1074 802 aras.

176 838 247 897 Hoc
263 847 338 911 erat,
355 840 433 896 alma
448 858 567 916 parens,
585 838 664 915 quad
679 858 726 896 me
742 858 795 916 per
809 840 879 911 tela,
897 858 950 915 per
963 839 1050 916 ignes

176 934 288 1012 Eripis,
306 944 337 992 ut
357 934 461 992 mediis
475 935 591 991 hostem
606 935 635 991 in
650 935 863 1012 penetralibus,
878 943 970 1008 utque
1111 934 1171 991 665

177 1027 354 1100 Ascanium,
372 1037 547 1105 patremque
565 1048 673 1100 meum,
693 1027 839 1105 juxtaque
854 1027 1016 1099 Cretisam,

177 1122 314 1180 Alterum
330 1122 359 1179 in
372 1122 497 1181 alterius
512 1130 659 1180 mactatos
673 1122 832 1201 sanguine,
849 1141 970 1179 cernam
987 1121 998 1177 ?

177 1215 281 1288 Arma,
298 1216 364 1288 viri,
379 1216 454 1274 serte
471 1235 553 1274 arma
568 1236 574 1273 :
599 1227 684 1274 vocat
699 1217 750 1274 lux
765 1217 868 1274 ultima
882 1216 987 1274 victos.

177 1310 307 1369 Reddite
322 1329 369 1368 me
383 1310 501 1368 Danais
516 1330 523 1380 3
548 1310 635 1367 sinite
650 1310 818 1368 instaurata
831 1310 959 1368 revisam

177 1403 300 1464 Proelia.
344 1404 508 1481 Nunquam
523 1422 625 1461 omncs
640 1402 727 1461 hodie
743 1403 904 1461 moriemur
918 1403 1011 1462 inulti.
1112 1404 1174 1460 670

217 1498 300 1556 Hinc
316 1498 396 1556 serre
411 1498 555 1576 accingor
569 1518 684 1566 rursus,
700 1499 867 1577 clypeoque
881 1497 1032 1555 sinistram

179 1591 366 1650 insertabam
386 1601 502 1670 aptans,
520 1610 626 1667 meque
643 1598 727 1649 extra
738 1586 822 1648 'tecta
840 1590 982 1650 ferebam.

179 1686 263 1745 Ecce
279 1695 378 1744 autem
393 1687 548 1763 complexa
568 1685 658 1763 pedes
673 1686 701 1742 in
721 1685 820 1743 limine
836 1685 946 1760 conjux

179 1780 336 1850 Haerebat,
352 1800 534 1857 parvumque
550 1779 626 1857 patri
639 1778 780 1836 tendebat
795 1778 892 1836 lulum
908 1797 915 1834 :

180 1874 212 1933 Si
226 1875 376 1952 periturus
391 1874 466 1944 abis,
484 1882 513 1930 ct
528 1893 582 1931 nos
597 1892 668 1950 rape
684 1873 713 1930 in
728 1872 826 1929 omnia
839 1881 939 1930 tecum
955 1892 963 1942 ;
1113 1872 1173 1929 675

180 1969 232 2026 Sin
248 1969 378 2045 aliquam
393 1976 536 2045 expertus
550 1968 675 2045 sumptis
689 1987 771 2044 spem
787 1964 870 2043 ponis
884 1967 914 2023 in
929 1965 1031 2037 ermis,

179 2062 272 2121 Hauc
287 2063 413 2140 primum
428 2071 526 2119 tutare
541 2060 669 2120 domum.
712 2059 773 2120 Cui
794 2078 903 2138 parvus
919 2059 1013 2131 Iulus,

181 2155 242 2215 Cui
256 2165 351 2234 puter,
369 2165 398 2214 et
414 2157 523 2232 conjux
538 2154 686 2230 quondam
702 2163 753 2212 tua
767 2154 846 2212 dicta
860 2154 1013 2230 relinquor
1028 2153 1040 2210 l

218 2250 308 2307 Talia
322 2250 502 2319 vociferans,
520 2250 631 2325 gemitu
647 2258 759 2306 tectum
773 2268 859 2305 omne
874 2249 1008 2325 replebat
1023 2267 1032 2318 ;

163 2341 282 2421 *Quum
297 2343 426 2399 subitum
441 2342 582 2416 dictuque
598 2343 692 2399 oritur
705 2343 839 2399 mirabile
854 2351 1025 2401 monstrum.

179 2434 330 2510 Namque,
346 2454 453 2491 manus
473 2436 551 2492 inter
568 2443 802 2511 moestorumque
817 2455 870 2492 ora
886 2432 1052 2513 parentum,

180 2528 263 2586 Ecce
280 2528 354 2584 levis
368 2547 483 2584 summo
498 2527 534 2584 de
551 2529 662 2585 vertice
679 2528 759 2586 visus
775 2529 833 2586 luli

179 2620 321 2679 Fundere
337 2622 436 2677 lumen
451 2641 537 2698 apex,
554 2630 697 2697 tactuque
713 2622 832 2680 innoxia
846 2625 951 2682 melles

179 2715 329 2774 Lambere
345 2714 464 2772 flamma
479 2735 591 2786 comas,
609 2724 637 2773 et
654 2717 766 2774 circum
781 2727 915 2795 tempera
930 2717 1023 2796 pasci.

180 2811 209 2870 N
212 2831 246 2868 os
260 2810 359 2888 paridi
375 2810 525 2888 trepidare
540 2820 631 2881 metu,
648 2813 821 2887 crinemque
836 2813 1014 2890 flagrantem

180 2905 344 2976 Excutere,
361 2913 390 2963 et
411 2915 532 2963 sanctos
547 2907 734 2983 restinguere
750 2907 880 2964 sontibus
894 2907 988 2985 ignes.

180 3000 220 3058 At
236 3008 321 3077 pater
336 3000 485 3057 Anchises
500 3002 603 3058 oculos
619 3000 656 3057 ad
672 3001 770 3058 sidera
785 3001 871 3058 laetus

180 3094 305 3165 Extulit,
323 3104 352 3151 et
367 3095 445 3152 coelo
461 3095 574 3171 palmas
590 3115 658 3152 eum
674 3115 746 3152 rece
761 3095 895 3154 tetendit.

179 3188 300 3266 Jupiter
314 3190 510 3267 omnipotens,
528 3192 667 3267 precibus
682 3190 707 3247 si
722 3190 852 3248 flecteris
867 3192 944 3263 ullis,

180 3283 312 3360 Adspice
326 3304 381 3341 nos
398 3303 404 3352 ;
430 3285 486 3341 hoc
501 3284 614 3341 tanturn
628 3305 635 3352 ;
648 3282 700 3354 ὀί,
718 3286 742 3341 si
758 3286 867 3362 pictate
882 3303 1041 3359 meremur,

180 3375 231 3433 Da
246 3376 352 3434 deinde
368 3376 520 3446 auxilium,
537 3378 639 3448 Pater,
657 3388 746 3453 atque
761 3381 826 3437 hare
841 3380 939 3437 omina
954 3379 1048 3439 firma.

220 3470 280 3527 Vix
295 3490 332 3527 ea
349 3471 426 3527 satus
441 3480 506 3527 erat
521 3471 631 3541 senior,
649 3473 806 3548 subitoque
822 3474 942 3551 fragore

181 3562 314 3622 Intonuit
335 3564 453 3634 laevum,
470 3564 551 3621 etde
567 3565 645 3622 coelo
661 3565 745 3642 lapsa
760 3586 812 3643 per
827 3568 948 3626 umbras

183 3659 277 3716 Stella
292 3657 516 3715 secumduccns
530 3659 621 3716 multi
637 3680 705 3716 cum
720 3661 787 3717 luce
803 3661 945 3721 cucurrit.

182 3750 278 3822 Illam,
296 3771 411 3808 summa
431 3771 522 3828 super
536 3753 685 3811 labentem
700 3755 830 3812 culmina
844 3755 926 3827 tecti,
1116 3758 1177 3814 695

183 3844 345 3904 Cernimus
360 3844 443 3904 Idaea
461 3846 573 3904 claram
589 3849 764 3906 secundare
780 3848 866 3919 silvei,

182 3939 415 4016 signantemque
431 3940 516 4009 vias3
540 3949 601 3998 tum
616 3942 705 4020 longo
720 3944 809 4001 limite
825 3944 928 4003 sulcus

181 4032 243 4091 Dat
260 4033 368 4104 lucem,
385 4042 415 4091 et
430 4033 488 4091 late
503 4035 615 4092 circirm
631 4035 698 4093 loca
713 4038 825 4095 sulfure
841 4038 964 4099 sumant.

182 4125 246 4186 Hic
262 4126 333 4185 veri)
349 4128 446 4186 victus
460 4128 578 4206 genitor
592 4148 625 4186 se
639 4129 714 4187 tellit
729 4130 765 4187 ad
781 4151 882 4202 auras,

181 4222 359 4300 Affaturqne
374 4223 456 4296 dees,
474 4230 503 4281 et
518 4231 653 4282 sanctum
668 4223 750 4283 sidus
765 4224 878 4284 adorat.
