2692 5122
423 266 432 303 i

220 383 256 442 ῃ
502 376 531 424 n.
549 377 713 426 vrncrnrr
738 377 910 427 unnours

569 644 762 711 ECLOGA
785 644 850 710 III.

615 807 804 858 ιιιιιιιοιι.

622 969 799 1012 mousom.

219 1074 280 1136 Dro
296 1074 376 1148 mihi,
392 1074 545 1146 Dsmoets,
561 1076 661 1152 cujum
676 1095 768 1153 pecus
785 1075 796 1133 ?
817 1095 856 1134 sn
869 1073 1032 1135 Meliboei?

627 1252 791 1292 DAMOETAS.

220 1355 300 1428 Non,
315 1355 419 1415 verum
431 1354 564 1434 AEgonis
579 1375 586 1414 :
609 1375 702 1434 nuper
715 1356 786 1414 mihi
799 1355 918 1447 tradidit
931 1353 1046 1433 AEgon.

623 1531 799 1572 nouenos&

220 1634 327 1696 Infelix
342 1655 360 1694 o
373 1653 501 1714 semper,
516 1653 598 1706 oves,
616 1654 707 1712 pecus
723 1637 730 1692 !
752 1635 815 1713 ipse
829 1633 857 1693 N
861 1650 970 1692 eaemm

219 1730 302 1789 Dum
317 1730 406 1802 fovet,
421 1749 467 1803 so,
484 1749 522 1789 ne
536 1748 582 1788 me
596 1729 652 1788 sibi
667 1729 806 1807 praeferst
820 1729 882 1799 ina,
897 1734 1029 1799 veretur,

219 1822 284 1883 Hic
298 1824 413 1883 alienus
427 1843 498 1882 oves
512 1832 613 1881 custos
627 1823 673 1881 bis
686 1823 798 1900 mulget
812 1822 842 1880 in
856 1819 931 1879 hurd
946 1839 953 1878 :
1186 1818 1206 1876 ὅ

220 1917 385 1977 Etruscus
399 1916 511 1996 pecori,
527 1924 557 1974 et
570 1916 618 1976 loc
628 1917 803 1976 subducitur
817 1916 911 1995 ognis.

632 2092 797 2133 DAMOETAS.

221 2195 348 2256 Porcius
362 2195 420 2255 isto
433 2195 504 2254 viris
516 2203 616 2254 tomen
630 2195 797 2272 objiciendo
811 2187 968 2255 m‘eurento.

221 2289 368 2350 Novimus
381 2297 411 2346 et
426 2289 476 2365 qui
489 2297 520 2347 te
535 2333 541 2348 .
559 2327 567 2345 .
583 2333 589 2348 .
605 2299 776 2346 transverse
790 2290 941 2347 tuentibus
955 2287 1057 2362 hircis,

221 2383 263 2442 Et
277 2401 347 2459 quo,
363 2380 417 2441 sed
431 2381 534 2439 sscilos
547 2380 577 2439 N
578 2382 694 2459 ymphse
708 2379 814 2454 risere,
831 2382 952 2441 secello.

626 2556 801 2599 MENALCAS.

222 2661 312 2735 Turn,
329 2661 429 2734 credo,
446 2679 537 2739 quum
549 2679 596 2720 me
611 2662 765 2721 arbustum
777 2661 880 2722 videre
893 2660 1023 2722 Miconis
1172 2662 1209 2722 10

223 2756 323 2834 Atque
337 2755 416 2814 meld
429 2755 505 2814 vites
518 2754 650 2814 incidere
665 2755 741 2814 fslce
756 2757 899 2815 novellos.

635 2932 800 2972 numus.

223 3037 285 3096 Aut
298 3034 348 3096 hic
362 3036 401 3095 sd
413 3042 532 3096 veteres
545 3035 642 3115 sagos,
659 3056 749 3113 quum
765 3036 934 3115 Daphnidis
947 3055 1052 3122 oropus
1112 3088 1118 3099 .

223 3129 355 3208 Fregisti
369 3138 399 3188 et
412 3130 565 3199 celsm0s3
590 3149 657 3206 quse
671 3139 714 3201 tu,
730 3149 870 3208 pervorse
885 3128 1041 3203 Menslcs,

222 3221 275 3295 Et,
292 3242 383 3300 quum
396 3224 494 3283 vidisti
507 3242 600 3302 puero
614 3224 734 3294 donata,
750 3224 873 3282 dolebas
888 3243 896 3292 3

223 3316 276 3391 Et,
292 3318 317 3375 si
331 3336 389 3376 non
403 3316 504 3393 aliqud
518 3316 681 3386 nocuisses,
698 3324 831 3375 mortuus
845 3335 938 3376 esses.
1173 3317 1210 3376 16

629 3490 804 3533 menduces.

226 3596 307 3665 Quid
321 3597 430 3657 domini
442 3597 563 3670 socient,
580 3597 691 3656 sudent
705 3617 796 3673 quum
809 3597 882 3656 telis
896 3597 978 3656 fures
994 3596 1006 3654 i

225 3690 295 3752 Non
308 3710 367 3770 ego
379 3698 410 3751 te
424 3690 483 3750 vidi
496 3690 652 3762 Damonis,
669 3691 807 3769 pessime,
823 3711 945 3769 cuprum

224 3783 375 3863 Excipere
388 3784 512 3856 insidiis,
528 3784 650 3843 multum
665 3785 792 3842 lntrunte
806 3783 939 3861 Lycisci
953 3784 964 3841 i

224 3876 267 3937 nt
281 3897 372 3954 quum
386 3877 556 3948 clamorem,
575 3883 596 3910 “
609 3876 678 3944 Quo
693 3896 772 3935 nunc
786 3896 819 3935 se
835 3878 956 3956 proripit
970 3877 1019 3937 ille
1034 3877 1046 3935 i

226 3969 342 4049 Tityre,
358 3989 434 4050 coge
449 3989 542 4050 pecus
554 3973 562 4029 i
576 3971 595 3999 ’⁸
614 3978 646 4029 tu
661 3979 726 4049 post
740 3981 863 4030 oerects
875 3972 1000 4032 lutebas.
1170 3971 1211 4029 20

635 4147 799 4188 numus.

227 4257 276 4315 An
290 4255 371 4327 mihi,
387 4252 536 4314 contundo
549 4254 656 4327 victus,
672 4242 731 4313 no'n
744 4254 882 4312 redderet
896 4253 957 4326 ille,
