2692 5122
217 392 277 460 ’174
509 396 535 443 Ρ.
550 395 719 444 VIRGlLll
743 397 918 449 Mnaoms

218 536 379 607 Threiciis,
396 535 456 593 lato
472 555 560 611 quam
574 537 827 614 circumplectitur
840 559 913 598 auro

218 630 353 700 Balteus,
371 638 399 687 et
414 630 501 687 tereti
514 631 663 687 subnectit
678 631 770 688 fibula
783 631 909 709 gemma„

219 724 340 783 Tertius
354 721 500 801 Argolica
513 722 571 780 hac
585 722 674 800 galea
689 733 845 782 contentus
860 726 947 784 abito.

257 818 337 876 Haec
351 818 401 875 ubi
416 817 505 887 dicta
522 817 620 874 locum
636 817 779 894 capiunt;
805 837 950 895 signoque
965 818 1087 896 repente
1146 822 1208 880 815

219 911 392 988 Corripiunt
406 911 503 986 spatia
517 910 616 967 audito
621 910 793 986 ,limenque
807 911 988 987 relinquunt,

217 1005 316 1065 Effusi
331 1006 429 1062 nimbo
443 1004 555 1061 slmiles
569 1023 576 1073 3
602 1003 688 1061 simul
703 1004 803 1060 ultima
820 1004 947 1080 signant.

217 1098 335 1157 Primus
351 1098 421 1168 abit,
438 1097 586 1175 longeque
602 1105 669 1154 ante
684 1097 782 1153 omnia
798 1116 924 1174 corpora
937 1097 1031 1156 Nisus

217 1192 347 1263 Emicat,
364 1199 394 1248 et
409 1191 504 1248 ventis
518 1198 547 1246 et
563 1189 692 1247 fulminis
706 1190 789 1246 ocior
804 1190 868 1248 alis.

217 1285 375 1344 Proximus
390 1284 468 1355 hnic,
484 1283 573 1360 longo
589 1282 642 1340 sed
656 1283 806 1360 proximus
821 1284 988 1356 intervallo,
1146 1288 1208 1344 820

219 1379 391 1454 Insequitur
405 1377 513 1435 Salius.
556 1377 657 1453 Spatio
672 1376 738 1454 pbst
753 1376 859 1434 deinde
874 1378 990 1452 relicto,

218 1472 341 1531 Tertius
355 1471 517 1547 Euryalus.

218 1565 445 1642 Euryalumque
461 1563 610 1638 Helymus
624 1564 768 1641 sequitur.
812 1564 881 1632 Quo
896 1566 1001 1624 deinde
1016 1567 1072 1625 sub
1087 1565 1152 1645 ipso

218 1661 302 1720 Ecce
317 1661 405 1728 volat,
420 1659 593 1733 calcemque
606 1659 675 1716 terit
691 1659 755 1737 jam
769 1661 853 1719 calce
867 1661 988 1731 Diores,

219 1752 399 1813 Incumbens
413 1752 556 1809 humero:
581 1752 675 1828 spatia
691 1760 720 1810 et
735 1754 760 1810 si
775 1755 861 1831 plura
875 1755 1034 1831 supersint,
1147 1757 1207 1815 825

218 1847 367 1906 Transeat
383 1846 502 1922 elapsus
517 1846 606 1922 prior,
623 1847 832 1924 ambiguumve
850 1849 1007 1924 relinquat.

217 1941 347 2016 Jamque
362 1939 424 1997 fere
440 1939 534 2014 spatio
549 1948 691 2010 extremo,
709 1940 852 2017 fessique,
867 1944 921 2000 sub
936 1942 1030 2018 ipsam

218 2034 325 2093 Finem
339 2033 549 2103 adventabant,
567 2033 625 2089 levi
641 2053 730 2109 quum
745 2036 891 2140 sanguine
906 2035 999 2093 Nisus

217 2126 346 2186 Labitur
360 2126 482 2196 infelix;
505 2127 638 2184 caesisut
655 2127 757 2184 forte
746 2129 885 2203 juvencis

218 2221 318 2280 Fusus
333 2221 453 2277 humum
467 2219 636 2295 uiridesque
651 2240 741 2296 super
755 2222 955 2280 madefecerat
969 2221 1088 2282 herbas
1148 2226 1209 2283 330

219 2313 311 2372 Hic
300 2313 430 2389 juvenis,
449 2313 510 2388 jam
526 2313 620 2370 victor
634 2331 736 2385 ouans,
754 2315 879 2392 vestigia
895 2335 997 2393 presso

219 2407 313 2465 Haud
326 2407 420 2464 tenuit
433 2406 560 2463 titubata
575 2407 660 2474 solo;
685 2407 738 2464 sed
759 2428 869 2484 pronus
883 2409 912 2466 in
927 2409 991 2485 ipso

221 2501 359 2561 Concidit
374 2499 583 2576 immundoque
599 2501 667 2557 fimo
683 2521 830 2576 sacroque
846 2522 962 2560 cruore.

150 2614 155 2625 ·
220 2594 248 2654 N
251 2615 287 2652 on
303 2603 400 2650 tamen
415 2592 552 2669 Euryali,
569 2614 627 2651 non
642 2595 692 2651 ille
708 2595 816 2652 oblitus
830 2615 985 2666 amorum;

219 2688 248 2746 N
251 2706 298 2744 am
314 2705 380 2743 sese
396 2687 530 2763 opposuit
546 2687 636 2757 Salio,
653 2706 706 2763 per
720 2688 835 2746 lubrica
850 2708 987 2767 surgens.

220 2780 275 2838 Ille
291 2789 389 2838 autem
404 2779 501 2857 spissia
516 2780 611 2856 jacuit
626 2782 777 2838 revolutus
792 2781 895 2840 areni.

219 2873 336 2933 Emicat
350 2875 513 2951 Euryalus,
532 2885 560 2932 et
575 2894 697 2931 munere
713 2876 808 2932 victor
822 2877 908 2934 amici

88 3047 94 3058 .
128 2963 130 2967 ’
219 2969 320 3027 Prima
332 2977 425 3040 tenet,
441 2970 606 3046 plausuque
622 2969 700 3026 volat
715 2969 891 3046 fremituque
905 2971 1046 3030 secundo.

218 3064 291 3122 Pdst
306 3063 456 3140 Helymus
470 3063 558 3133 subit,
576 3070 604 3119 et
619 3082 698 3120 nunc
713 3064 801 3120 tertia
816 3065 912 3140 palma
925 3064 1045 3123 Diores.

219 3157 283 3216 Hic
297 3166 389 3215 totum
404 3177 505 3215 caveae
521 3176 694 3214 consessum
709 3157 847 3233 ingentiS,
864 3167 892 3215 et
907 3177 960 3215 ora

218 3251 319 3308 Prima
334 3259 459 3328 patrum,
477 3251 593 3326 magnis
608 3251 706 3307 Salius
721 3251 901 3308 clamoribus
916 3251 1027 3327 implet,

218 3342 423 3418 Ereptumque
438 3343 505 3398 dolo
520 3342 602 3398 reddi
617 3342 672 3398 sibi
688 3344 781 3419 poscit
796 3344 947 3401 honorem.

219 3437 348 3493 Tutatur
362 3436 446 3492 favor
459 3435 636 3511 Euryalum,
653 3436 852 3513 lacrymaeque
868 3436 996 3509 decorae,

219 3529 341 3590 Gratior
355 3541 384 3585 et
399 3527 522 3605 pulchro
537 3529 659 3585 veniens
674 3529 703 3585 in
719 3548 842 3605 corpore
858 3531 960 3588 virtus.

220 3623 361 3699 Adjuvat,
379 3630 407 3678 et
422 3620 532 3699 magnis
547 3623 708 3699 proclamat
724 3641 796 3679 voce
811 3623 932 3693 Diores,

220 3715 282 3783 Qui
296 3715 384 3772 subiit
399 3716 514 3791 palmoe,
532 3717 701 3791 frustraque
717 3716 753 3772 ad
769 3718 890 3791 praemia
905 3716 984 3774 venit

219 3808 339 3878 Ultima,
356 3807 381 3865 si
396 3808 480 3885 primi
495 3811 575 3867 Salio
589 3810 753 3867 redduntur
766 3809 904 3868 honores.

218 3902 296 3962 Tum
312 3911 396 3978 pater
409 3903 539 3974 AEneas,
561 3905 682 3974 Vestra,
699 3904 803 3979 inquit,
821 3923 945 3960 munera
959 3902 1043 3961 vobis

220 3995 315 4055 Certa
330 4005 459 4066 manent,
476 3997 560 4072 pueri
574 4017 581 4066 3
606 4007 634 4055 et
650 3998 777 4074 palmam
791 4005 888 4054 movet
903 3997 1005 4055 ordine
1020 4015 1108 4057 nemo
1123 4016 1132 4075 ς

219 4090 270 4150 Me
285 4090 373 4147 licent
388 4110 477 4147 casus
490 4091 626 4149 miserari
641 4091 763 4148 insontis
778 4090 874 4148 amici.
1149 4093 1210 4151 ³50

221 4185 271 4245 Sic
285 4185 373 4258 satus,
390 4193 506 4263 tergum
520 4185 630 4244 Gaetuli
645 4186 770 4242 immane
785 4184 878 4241 leonis
