2692 5122
182 368 239 433 220
467 371 494 418 r.
516 370 680 418 vmorun
698 370 869 421 uranius

183 508 372 585 Catillusque
386 529 516 586 acerque
531 509 640 579 Coras,
657 509 771 586 Argiva
786 510 928 584 juventus
943 528 952 580 3

183 601 223 659 Et
237 602 360 679 primam
374 613 442 660 ante
459 603 554 660 aciem
568 603 661 660 densa
675 603 752 660 inter
764 602 824 659 tela
839 603 993 660 seruntur:

184 694 250 755 Ceu
264 695 323 753 duo
337 697 494 774 nubigenae
511 714 600 771 quum
615 696 726 753 vertice
739 697 845 752 montis
858 697 896 752 ab
911 696 971 754 alto

182 788 377 847 Descendunt
392 789 548 860 Centauri,
564 789 714 847 Homolen
728 787 912 866 Othrquue
927 788 1055 848 nivalem
1107 792 1166 849 ate

182 881 368 958 Linquentes
382 903 472 942 cursu
487 883 589 961 rapido
604 904 611 953 ;
636 883 685 941 dat
699 885 838 941 euntibus
851 884 958 961 ingens

183 976 265 1033 Silva
278 977 385 1048 locum,
402 984 431 1034 et
446 996 554 1055 magno
572 977 680 1035 cedunt
694 977 824 1054 virgulta
837 977 966 1054 fragore.

222 1070 250 1128 N
252 1088 288 1127 ec
302 1070 494 1128 Praenestinae
508 1070 646 1128 fundator
659 1070 750 1128 desuit
764 1071 856 1140 urbis,

182 1163 320 1223 Vulcano
334 1166 466 1243 genitum
480 1184 591 1242 pecora
604 1166 682 1223 inter
695 1165 826 1242 agrestia
839 1183 952 1242 regem,

183 1258 398 1336 Inventumque
413 1260 487 1318 locis
500 1261 594 1317 omnis
609 1279 696 1335 quem
711 1259 834 1317 credidit
849 1268 933 1330 aetas,
1103 1260 1165 1317 000

183 1350 335 1412 Caeculus.
377 1353 470 1412 Hunc
484 1354 562 1432 legio
576 1354 636 1412 latd
651 1354 807 1412 comitatur
821 1354 950 1431 agrestis
965 1371 973 1422 3
1065 1389 1068 1393 ⁴

182 1446 304 1522 Quique
318 1448 410 1504 altum
424 1447 577 1505 Praeneste
592 1447 657 1517 viri,
674 1447 784 1523 quique
798 1466 871 1504 arva
884 1446 1013 1505 Gabinm

181 1538 319 1608 Junonis,
334 1539 523 1617 gelidumque
538 1540 693 1610 Anienem,
710 1549 739 1597 et
753 1539 871 1597 roscida
883 1539 955 1597 rivis

182 1631 318 1690 Hernica
332 1652 406 1690 saxa
419 1634 520 1691 colunt
534 1653 542 1703 ;
567 1654 650 1709 quos,
667 1634 750 1691 dives
764 1633 911 1710 Anagnia,
928 1632 1038 1710 pascis,
1144 1644 1147 1649 ’

182 1725 278 1797 Quos,
295 1726 444 1785 Amasene
460 1736 553 1804 pater.
596 1727 664 1784 Non
680 1727 737 1784 illis
751 1726 885 1784 omnibus
899 1744 992 1798 arma,
1105 1728 1165 1786 686

181 1820 210 1877 N
213 1840 248 1878 ec
263 1821 359 1898 clypei
374 1841 518 1879 currusve
532 1828 639 1879 sonant
654 1840 661 1877 z
684 1840 753 1897 pars
766 1821 893 1878 maxima
906 1819 1031 1897 glandes

182 1911 316 1971 Liuentis
331 1914 440 1992 plumbi
455 1914 567 1992 spargit
581 1933 589 1983 ;
614 1933 683 1991 pars
697 1914 810 1990 spicula
829 1920 926 1990 gestat

180 2004 257 2063 Bina
270 1991 358 2064 manu
374 2025 382 2075 ;
405 2007 560 2082 fulvosque
575 2007 635 2082 lupi
649 2006 686 2064 de
701 2006 777 2083 pelle
791 2006 909 2083 galeros

181 2095 316 2178 Tegmen
330 2100 440 2157 habent
454 2101 543 2177 capiti
557 2120 564 2170 3
589 2101 715 2178 vestigia
729 2099 808 2157 nuda
822 2098 934 2157 sinistri

182 2188 340 2251 Institudre
357 2193 449 2270 pedis,
466 2193 576 2251 crudus
589 2194 663 2271 tegit
678 2194 771 2251 altero
786 2212 866 2269 pero.
1104 2192 1162 2251 690

219 2285 259 2341 At
272 2284 443 2363 Messapus,
459 2287 569 2362 equum
583 2286 718 2357 domitor,
730 2286 881 2363 Neptunia
894 2285 1002 2362 proles,

181 2376 279 2444 Quem
294 2397 390 2453 neque
405 2378 451 2435 fas
465 2379 525 2455 igni
539 2378 678 2454 cuiquam
691 2398 747 2436 nec
761 2389 894 2436 sternere
909 2379 999 2450 serio,

179 2470 248 2529 Jam
263 2471 375 2548 pridem
390 2472 503 2529 resides
517 2473 650 2549 populos,
667 2473 850 2548 desuetaque
865 2473 944 2530 bello

179 2565 309 2642 Agmina
324 2564 352 2620 in
368 2583 451 2621 arma
464 2573 550 2622 vocat
564 2564 673 2635 subitd,
682 2565 859 2640 ferrumque
873 2573 1025 2625 retractat.

180 2656 224 2714 Hi
238 2656 442 2714 Fescenninas
457 2658 548 2728 acies,
566 2658 744 2734 AEquosque
759 2659 896 2717 Faliscos
909 2678 917 2728 ;
1101 2662 1159 2719 696

180 2749 223 2807 Hi
241 2750 371 2807 Soractis
387 2751 496 2809 babent
511 2771 607 2823 arces,
624 2752 819 2829 Flaviniaque
834 2771 915 2824 arva,

179 2840 220 2913 Et
234 2841 344 2900 Cimini
358 2863 424 2900 cum
439 2824 536 2902 monle
551 2845 659 2915 lacum,
677 2846 819 2922 lucosque
835 2845 985 2922 Capenos.

180 2932 267 2992 Ibant
282 2937 390 3011 aequati
405 2956 536 3008 numero,
552 2957 714 3015 regemque
733 2940 901 2996 canebant:

180 3026 247 3086 Ceu
266 3029 411 3105 quondum
425 3031 503 3087 nivei
517 3030 629 3107 liquida
641 3031 719 3088 inter
732 3031 833 3088 nubila
847 3030 944 3107 cycni,

180 3118 280 3186 Quum
295 3141 362 3179 sese
377 3142 393 3178 e
409 3132 492 3199 pastu
508 3123 649 3194 referunt,
666 3132 695 3181 et
710 3124 799 3200 longa
812 3142 940 3181 canoros
1101 3126 1159 3184 700

178 3210 260 3270 Dant
276 3233 328 3289 per
341 3215 419 3272 colla
432 3215 533 3273 modos
549 3235 556 3284 ;
581 3226 666 3274 sonat
681 3217 783 3287 amnis,
800 3224 829 3273 et
841 3217 915 3274 Asia
928 3216 1017 3295 longd
1162 3216 1165 3221 ’

179 3303 271 3362 Pulsa
284 3307 378 3382 palus.

179 3399 207 3456 N
210 3418 245 3456 cc
260 3400 415 3475 quisquam
431 3411 538 3460 aeratas
552 3403 632 3461 acies
646 3424 683 3462 ex
698 3406 815 3483 agmine
829 3413 911 3464 tanto

178 3491 302 3550 Misceri
316 3503 396 3570 putet
413 3514 420 3563 ;
445 3495 557 3553 adriam
571 3497 622 3553 sed
637 3499 756 3575 gurgite
771 3500 808 3557 ab
824 3502 883 3557 alto

178 3583 287 3663 Urgeri
303 3587 453 3644 volucrum
467 3608 624 3647 raucarum
640 3591 677 3647 ad
691 3592 789 3649 littora
803 3594 921 3653 nubem.
1102 3592 1159 3650 ⁷05

216 3677 310 3749 Ecce,
328 3679 503 3738 Sabinorum
519 3683 615 3759 prisco
630 3684 666 3741 de
681 3685 837 3762 sanguine,
853 3705 994 3764 magnum

177 3771 294 3847 Agmen
309 3791 402 3849 agens
417 3772 557 3846 Clausus,
575 3777 732 3855 magnique
747 3778 809 3854 ipse
825 3780 950 3856 agminis
965 3780 1069 3851 instar,

177 3862 307 3921 Claudia
321 3885 399 3923 nunc
414 3885 432 3923 a
448 3887 505 3942 quo
519 3869 691 3929 diffunditur
705 3878 733 3928 et
747 3871 841 3929 tribus
856 3880 884 3928 et
898 3890 974 3949 gens

176 3954 236 4013 Per
249 3956 377 4030 Latium,
395 3970 550 4037 postquam
564 3965 593 4022 in
609 3972 721 4041 partem
735 3963 805 4020 data
819 3964 916 4021 Roma
931 3964 1060 4024 Sabinis.

176 4047 244 4107 Una
258 4050 363 4128 ingens
377 4054 531 4113 Amiterna
546 4059 663 4127 cohors,
680 4057 829 4133 priscique
844 4056 989 4130 Quirites,
1100 4061 1159 4118 'tio

175 4143 260 4202 Ereti
274 4165 378 4205 manus
392 4149 496 4223 omnis,
513 4151 713 4226 oliviferaeque
727 4149 876 4208 Mutuscae
891 4169 900 4219 ;
