2692 5122
464 773 474 797 '
503 787 675 853 netues
695 790 763 837 mn
779 791 826 838 tx.
1101 798 1160 856 m

179 922 280 983 Omnis
294 941 348 1000 per
360 941 461 982 muros
472 924 561 1002 legio,
577 926 681 985 sortita
694 928 847 1004 periclum,

177 1015 325 1085 Excubat,
340 1024 521 1092 exercetque
535 1018 628 1090 vices,
645 1020 721 1095 qued
735 1022 843 1096 cuique
857 1021 1000 1082 tuendum
1013 1030 1068 1084 est.
1103 1026 1159 1087 itt

214 1110 243 1168 N
246 1111 308 1168 isus
322 1117 388 1167 erat
402 1118 493 1186 pertae
507 1120 619 1182 eustos,
636 1113 799 1172 acerrimus
814 1118 913 1185 armis,

177 1203 361 1280 Hyrtacides
377 1222 385 1272 ;
409 1205 546 1262 comitem
559 1205 670 1273 AEneae
686 1225 774 1281 quern
787 1207 907 1266 miserat
921 1207 976 1267 lde

177 1296 333 1368 venatrix,
345 1297 447 1373 jaculo
461 1298 591 1355 celerem
604 1298 779 1375 levibusque
794 1302 931 1378 sagittis:

104 1407 107 1416 ·
178 1391 216 1449 Et
226 1390 313 1466 juxte
326 1409 427 1448 comes
439 1391 602 1467 Euryalus,
619 1411 678 1466 quo
692 1392 843 1469 pulchrior
855 1394 933 1453 alter

178 1484 244 1543 llon
259 1483 312 1541 fuit
326 1481 507 1554 AEneadiim,
523 1484 654 1559 Trojano
668 1505 766 1560 neque
780 1486 872 1545 induit
886 1506 970 1546 erma
984 1506 993 1558 ;
1104 1490 1160 1550 tto

178 1577 239 1637 Ora
252 1596 327 1654 puer
341 1576 435 1652 primi
448 1578 572 1654 signans
587 1577 703 1636 intensa
719 1577 853 1653 juventi.

179 1670 234 1729 His
249 1689 332 1727 emor
346 1689 423 1727 unus
437 1679 512 1740 eret,
528 1671 698 1746 pariterque
713 1672 742 1729 in
759 1673 837 1730 bella
850 1674 976 1732 ruebant
992 1692 1001 1743 ;

146 1801 148 1805 ν
177 1763 254 1822 Tum
269 1782 388 1838 quoque
402 1764 550 1821 communi
564 1774 677 1840 portam
691 1766 816 1823 statione
830 1769 981 1826 tenebant.

178 1856 270 1915 Nisus
284 1856 344 1912 ait:
367 1855 448 1912 Dine
462 1856 541 1913 hunc
556 1856 690 1915 ardorem
704 1858 852 1917 mentibus
866 1859 988 1935 addunt,

178 1949 310 2024 Euryale
329 1948 339 2003 ?
362 1967 400 2005 an
413 1966 469 2005 sua
482 1949 590 2024 cuique
605 1950 679 2008 deus
696 1951 727 2008 fit
741 1951 806 2008 dira
819 1952 927 2029 cupido
944 1953 956 2010 i
1104 1955 1160 2016 ldd

178 2042 236 2100 Aut
250 2059 391 2119 pugnam,
407 2050 459 2100 aut
472 2042 583 2117 aliquid
592 2043 654 2118 jam
668 2042 777 2102 dudum
791 2044 932 2105 invadere
946 2063 1088 2125 magnum

177 2134 264 2192 Mens
279 2135 371 2212 agitat
386 2135 456 2192 mihi
471 2153 479 2203 ;
504 2154 559 2193 nec
574 2135 693 2212 placidis
706 2144 847 2194 contenta
861 2138 960 2213 quiete
976 2147 1033 2201 est.

178 2227 297 2298 Cernis,
314 2248 379 2303 quae
394 2228 523 2287 Rutulos
536 2229 646 2288 habeat
660 2228 769 2287 fiducia
783 2250 883 2288 rerum
899 2251 906 2289 :

177 2320 303 2380 Lumina
316 2340 386 2379 rara
400 2321 510 2380 micant
525 2340 534 2389 ;
557 2341 660 2380 semim
674 2322 801 2398 vinoque
816 2324 924 2400 sepulti

178 2410 368 2472 Procubudre
383 2431 391 2481 ;
414 2413 502 2471 silent
515 2413 574 2471 lstd
588 2413 665 2472 loce.
705 2413 832 2489 Percipe
847 2415 946 2491 porrd,
1106 2419 1161 2477 190

179 2505 258 2574 Quid
272 2506 413 2577 dubitem,
430 2514 459 2564 et
475 2525 541 2581 quae
555 2525 634 2565 nunc
650 2506 747 2564 animo
761 2507 909 2564 sententia
920 2514 1034 2586 surget.

178 2599 300 2658 AEneen
315 2600 407 2657 acciri
421 2619 534 2668 omnes,
552 2600 735 2676 populusque
751 2607 911 2675 patresque

177 2694 361 2772 Exposeunt‚
377 2694 511 2769 mittique
525 2693 615 2772 viros,
633 2694 683 2769 qui
699 2701 781 2751 certe
796 2701 955 2770 reportent.

179 2788 208 2845 Si
220 2789 274 2845 tibi
290 2807 356 2863 quae
371 2807 462 2863 pesco
477 2787 658 2863 promittunt,
674 2805 743 2845 uam
756 2785 826 2843 mibi
842 2786 913 2844 sacti

177 2879 272 2943 Fama
285 2888 330 2937 set
345 2890 413 2948 est;
434 2881 546 2938 tumulo
560 2879 662 2937 videor
676 2879 807 2955 reperire
822 2880 877 2937 sub
892 2879 942 2937 ille
1105 2880 1160 2940 1⁹6

177 2971 269 3031 Posse
286 2974 362 3029 vlam
378 2973 415 3030 ed
429 2992 529 3030 muros
543 2982 573 3032 et
587 2972 697 3030 moenia
714 2972 881 3030 Pallantea.

178 3067 347 3144 Obstupuit,
363 3087 471 3144 magno
485 3067 603 3125 laudum
619 3086 779 3144 percussus
793 3085 905 3138 emere,

177 3158 329 3237 Euryalus
342 3179 350 3228 ;
374 3161 459 3218 simul
473 3161 518 3217 his
533 3160 685 3217 ardentem
700 3160 808 3217 affatur
822 3160 949 3217 amicum
963 3179 970 3217 :

177 3251 267 3310 Mene
282 3253 371 3329 igitur
386 3254 498 3313 socium
512 3253 633 3311 summis
647 3253 810 3329 adjungere
824 3256 925 3322 rebus,

177 3345 261 3416 llise,
278 3346 356 3423 sugis
372 3346 382 3402 ἲ
404 3347 498 3403 solum
511 3354 540 3402 te
555 3346 585 3403 in
599 3354 682 3402 tanta
696 3345 829 3421 pericula
843 3345 957 3401 mittam
973 3343 984 3398 l
1102 3345 1161 3403 200

177 3438 244 3496 Non
260 3439 301 3496 ita
314 3458 360 3496 me
375 3439 502 3516 genitor,
519 3438 605 3494 bellis
621 3446 769 3506 assuetus,
786 3436 942 3511 Opheltes,

177 3531 349 3607 Argolicum
363 3540 507 3588 terrorem
522 3530 599 3587 inter
612 3529 772 3602 Trojaeque
787 3528 904 3585 labores

178 3623 331 3681 Sublatum
345 3623 451 3680 erudiit
468 3641 476 3688 ;
500 3641 556 3679 nec
570 3629 669 3678 tecum
684 3620 755 3676 talia
769 3618 860 3696 gessi,

176 3714 399 3792 Magnanimum
414 3715 537 3773 AEnenn
552 3722 581 3772 et
596 3714 658 3772 fata
671 3722 803 3770 extrema
817 3720 947 3770 secutus.

176 3806 230 3870 Est
245 3807 306 3878 hic,
322 3817 367 3865 est
382 3808 497 3866 enimus
511 3808 586 3865 lucis
600 3814 794 3882 contemptor,
810 3815 839 3863 et
853 3806 941 3863 istum
1099 3808 1159 3869 206

177 3898 238 3967 Qui
253 3899 315 3958 virt
328 3902 405 3958 bene
419 3900 521 3958 credet
536 3901 603 3970 emi,
621 3900 679 3976 qud
694 3899 800 3974 tendis,
816 3899 967 3959 bonorem.

176 3992 268 4051 Nisus
283 3992 320 4049 ad
334 3993 400 4052 haee
415 4012 422 4049 τ
444 3994 592 4069 Equidem
605 3993 642 4050 de
656 4003 685 4051 te
700 3993 740 4049 nil
754 3993 814 4049 tale
828 3993 965 4064 verebar,

176 4085 243 4143 Nec
258 4085 303 4142 fas
319 4105 327 4154 ;
349 4105 418 4144 non.
459 4085 507 4143 lte
520 4105 566 4143 me
581 4086 691 4144 reserat
705 4086 757 4143 tibi
772 4104 897 4161 magnus
911 4092 1050 4145 ovantem

175 4177 304 4255 Jupiter,
322 4187 372 4236 aut
388 4179 566 4255 quicumque
580 4179 675 4238 oculis
688 4179 754 4237 haee
768 4178 894 4255 adspicit
908 4178 1011 4254 oequis.

175 4271 246 4342 Sed,
262 4272 370 4347 siquis
385 4272 465 4348 (quse
480 4275 571 4331 multa
584 4273 667 4330 vides
680 4273 848 4330 discrimine
862 4273 943 4351 tali,)
1099 4274 1159 4337 tlt)

177 4365 208 4422 Si
224 4365 290 4440 quis
305 4365 333 4422 in
349 4365 504 4424 adversum
517 4366 612 4443 rapiat
627 4385 765 4432 casusve,
782 4366 904 4437 deusve,

175 4456 222 4514 Te
237 4477 394 4533 superesse
409 4458 495 4516 velim
511 4478 518 4514 :
540 4468 591 4516 tua
605 4458 666 4516 vitt
679 4459 794 4537 dignior
809 4468 891 4518 aetas.

177 4550 232 4621 Sit,
249 4551 300 4626 qui
314 4570 360 4609 me
375 4560 491 4628 ruptum
506 4551 616 4630 pugni,
633 4553 764 4629 pretiove
778 4551 972 4628 redemptum,
