2692 5122
203 343 243 401 80
480 335 507 383 r.
532 336 699 384 vinorum
722 336 896 386 uuuours

204 473 364 554 Incipiunt,
380 474 519 552 mollique
529 475 636 554 jugum
649 474 803 535 demittere
824 476 911 549 clivo,

202 569 306 648 Usque
321 568 359 628 ad
373 589 483 646 aquam
496 577 526 629 et
540 578 668 642 veteres,
681 569 744 646 jam
758 569 855 629 fracta
868 570 1035 646 cacumina,
1051 572 1147 654 fagos,

203 663 311 723 Omnia
323 663 505 723 carminibus
519 670 651 722 vestrum
664 661 804 722 servisse
817 663 988 726 Menalcan.
1152 669 1189 727 10

637 838 752 880 MOEBIS.

202 944 352 1004 Audisses
367 963 375 1015 ;
399 953 428 1003 et
442 943 521 1004 fama
534 944 588 1003 fuit
604 963 611 1001 ε
633 942 687 1002 sed
702 943 836 1002 carmina
849 943 962 1004 tantum

202 1037 232 1098 N
234 1046 314 1097 ostra
328 1038 438 1108 valent,
453 1036 579 1115 Lycida,
595 1036 656 1095 tela
669 1036 747 1095 inter
759 1034 880 1109 Martia,
899 1037 1040 1114 quantum

203 1129 358 1191 Chaonias
370 1130 483 1202 dicunt,
499 1129 602 1206 aquilii
615 1130 764 1204 veniente,
779 1131 941 1188 columbos.

204 1223 293 1293 Qudd
308 1225 425 1283 nisime
439 1222 629 1301 quicumque
643 1242 737 1281 novas
751 1223 882 1282 incidere
896 1225 963 1282 lites

202 1316 281 1376 Ante
296 1318 417 1376 sinistro
429 1314 507 1375 cavi
520 1315 682 1374 monuisset
696 1318 734 1374 ab
748 1316 816 1375 ilice
831 1317 945 1389 cornix,
1153 1320 1188 1377 15

202 1411 270 1471 Nec
283 1419 353 1471 tuus
366 1410 415 1470 hic
428 1408 546 1482 Moeris,
562 1428 619 1468 nec
633 1409 748 1467 viveret
761 1409 824 1487 ipse
838 1408 1004 1470 Menalcas.

624 1584 763 1625 nucleae.

202 1687 295 1748 Heu!
319 1689 398 1748 cadit
412 1690 442 1748 in
457 1707 634 1766 quemquam
647 1696 761 1747 tantum
775 1688 898 1747 scelus?
920 1689 999 1748 heu!
1021 1698 1074 1750 tua
1086 1690 1172 1751 nobis

201 1780 293 1841 Paene
308 1783 393 1841 simui
407 1791 508 1842 tecum
521 1783 627 1841 solatia
645 1790 741 1860 rapta,
758 1781 921 1840 Menalca!

203 1877 281 1946 Quis
294 1888 416 1938 caneret
430 1879 587 1956 Nymphas
601 1879 612 1935 ?
634 1879 835 1954 quis-humum
848 1878 1022 1938 florentibus
1034 1878 1135 1939 herbis

203 1971 373 2050 Spargeret,
390 1980 441 2031 aut
455 1971 541 2029 viridi
555 1972 650 2030 fontes
664 1970 820 2030 induceret
835 1970 942 2030 umbrie
956 1971 967 2027 i
1148 1974 1188 2031 20

201 2064 260 2122 Vel
275 2084 340 2140 qum
355 2065 472 2142 sublegi
484 2065 595 2123 tacitus
607 2064 661 2122 tibi
676 2065 810 2122 carmina
823 2083 928 2141 nuper,

203 2155 304 2225 Quum
317 2166 347 2215 te
362 2158 400 2216 ad
413 2157 536 2216 delicies
550 2157 655 2229 ferres,
671 2156 867 2233 Amaryllida,
883 2157 1026 2216 nostras?
1092 2190 1095 2194 ⁴

205 2256 226 2283 “
235 2250 351 2328 Tityre,
367 2251 436 2309 dum
449 2250 551 2320 redeo,
565 2250 665 2308 brevis
679 2258 725 2307 cst
738 2249 796 2321 vie,
809 2269 899 2327 pasce
913 2251 1067 2329 capelias3

202 2342 242 2403 Et
256 2353 357 2421 potum
371 2351 472 2421 pastas
485 2361 554 2421 age,
569 2343 674 2419 Tityre
688 2361 696 2411 ;
722 2350 752 2399 et
765 2342 843 2400 inter
856 2343 1005 2420 agendum

203 2435 372 2496 Occursare
386 2454 488 2515 capro,
505 2454 598 2494 cornu
612 2435 679 2493 ierit
693 2434 754 2506 ille,
770 2436 910 2495 caveto.”
1148 2437 1189 2494 25

637 2610 752 2651 ΜΒΝ.

203 2717 297 2779 Immo
311 2718 387 2789 haec,
404 2737 470 2794 qum
484 2716 579 2786 Varo,
596 2715 724 2774 necdum
738 2716 880 2793 perfecta,
896 2717 1024 2776 canebat
1039 2736 1046 2775 ε

206 2817 227 2846 “
237 2813 331 2883 Vere,
347 2818 430 2869 tuum
443 2828 550 2868 nomen
567 2806 700 2886 (superet
714 2808 799 2867 modd
814 2809 941 2868 Mantua
953 2811 1048 2884 nobis,

202 2909 330 2968 Mantua
341 2927 386 2967 vas
400 2907 516 2966 miserie
530 2906 650 2965 nimium
664 2907 762 2964 vicina
776 2905 934 2966 Cremonae
947 2906 970 2986 t)

204 3002 371 3063 Cantantes
385 2999 509 3059 sublimi
524 2997 620 3058 serent
634 2998 785 3058 adsidere
799 2999 920 3077 cycni.”

625 3177 763 3220 Lucinas.

204 3283 253 3341 Sic
267 3291 319 3342 tua
333 3283 472 3360 Cyrneas
486 3283 600 3361 fugiant
614 3285 750 3343 examina
763 3294 868 3355 taxos;

203 3376 253 3435 Sic
267 3377 362 3453 cytiso
375 3386 467 3453 pastis
482 3375 650 3435 distendant
664 3379 758 3435 ubera
771 3398 882 3439 veccoe.

203 3467 318 3546 Incipe,
333 3469 360 3526 si
375 3469 443 3545 quid
457 3468 560 3527 habes.
602 3469 642 3527 Et
659 3489 705 3528 me
720 3468 820 3530 facire
835 3473 952 3549 potitam

201 3561 338 3623 Pierides
353 3581 361 3632 ;
385 3570 454 3620 sunt
468 3569 497 3620 et
511 3563 581 3621 mihi
596 3564 749 3632 carmina;
773 3583 820 3621 me
836 3583 953 3641 quoque
967 3563 1068 3625 dicunt

201 3654 311 3714 Vetem
325 3664 459 3733 pastores
475 3675 482 3713 :
505 3656 558 3714 scd
572 3676 632 3715 non
645 3675 703 3734 ego
717 3656 857 3714 credulus
871 3657 938 3717 iliis.

202 3748 231 3809 N
234 3769 282 3807 em
295 3768 393 3826 neque
408 3749 505 3808 adhuc
519 3750 613 3808 Vario
628 3750 729 3808 videor
742 3768 799 3809 nec
813 3748 914 3809 dicere
929 3749 1031 3812 Ciund
1148 3752 1188 3811 36

202 3839 316 3922 Digne,
332 3843 384 3902 sed
398 3851 521 3922 argutos
535 3843 611 3902 inter
625 3851 759 3922 strepere
778 3862 868 3902 anser
880 3845 988 3904 olores.

635 4018 748 4058 ΜΒΝ.

203 4120 238 4182 Id
251 4123 369 4201 quidem
383 4145 440 4205 ago
455 4145 463 4194 ;
487 4133 517 4183 et
530 4124 649 4195 tacitus,
665 4123 790 4202 Lycida,
806 4143 923 4183 mecum
935 4123 999 4202 ipse
1012 4125 1123 4199 voluto,

203 4217 236 4276 Si
248 4217 363 4277 valeam
376 4219 545 4278 meminisse
561 4236 570 4288 ς
594 4236 691 4294 neque
706 4225 751 4276 est
765 4217 894 4296 ignobile
913 4235 1044 4277 carmen.
