2692 5122
511 804 682 856 sumnus
702 806 771 861 nra.
788 808 834 856 rx.
1111 816 1170 873 259

183 946 279 1008 'Parra
289 946 406 1024 torique
417 946 545 1007 madent.
573 948 640 1006 Nec
651 968 709 1006 non
720 949 953 1026 Lamyrumque,
968 947 1165 1026 Lamumque,

182 1040 220 1100 st
229 1042 372 1118 juvenem
387 1043 560 1113 Semnum,
577 1042 625 1099 ills
641 1043 691 1117 qui
706 1043 830 1119 plurima
844 1051 931 1099 nocte
1108 1044 1168 1102 886

180 1134 321 1206 Luserat,
338 1135 461 1214 insignis
476 1136 562 1206 facie,
580 1137 731 1211 multoque
742 1137 864 1212 jacebat
1137 1134 1140 1139 ’

183 1227 323 1288 Membra
336 1229 392 1286 deo
406 1228 524 1286 rictus:
546 1228 667 1300 felix,⁴si
683 1237 824 1306 protenus
843 1230 924 1287 illum

182 1321 349 1398 AEqudsset
364 1323 443 1380 nocti
457 1322 567 1393 ludum,
585 1322 614 1379 in
628 1323 785 1398 lucemque
800 1324 936 1380 tulisset!

181 1416 330 1495 Impastus
344 1437 401 1476 ceu
416 1419 503 1495 plena
518 1419 564 1475 leo
580 1437 633 1495 per
646 1418 736 1475 ovilia
750 1421 883 1490 turbans,

181 1511 293 1569 Suadet
308 1511 386 1568 enim
402 1531 514 1569 vesana
529 1512 632 1582 fames,
649 1511 821 1587 manditque
840 1513 990 1587 trahitque
1108 1515 1168 1571 340

181 1601 271 1661 Molle
287 1623 389 1680 pecus,
407 1614 578 1679 mutumque
593 1613 672 1662 metu
689 1623 696 1673 ;
721 1605 818 1662 fremit
833 1625 884 1663 ore
900 1614 1032 1664 cruento.

181 1696 245 1755 Nec
260 1699 355 1754 minor
368 1697 496 1774 Euryali
510 1698 609 1756 caedes
625 1717 632 1755 τ
655 1699 796 1756 incensus
810 1708 839 1755 et
853 1699 916 1776 ipae

183 1787 321 1861 Periurit,
339 1810 375 1848 ac
390 1791 511 1848 multam
525 1792 554 1848 in
570 1791 666 1849 medio
681 1792 744 1849 sine
759 1793 876 1849 nomine
896 1793 1023 1869 plebem,

180 1882 367 1958 Fadumque,
387 1883 619 1960 Herbesumque
633 1886 722 1955 subit,
739 1885 953 1960 Rboetumque‚
969 1885 1164 1962 Abarimque,

181 1972 307 2054 Ignaros
323 1996 331 2044 ;
355 1977 498 2035 Rboetum
514 1977 685 2055 vigilantem
699 1988 728 2036 et
743 1987 852 2036 cuncta
866 1979 1026 2051 videntem,
1107 1979 1167 2037 ³45

181 2070 237 2127 Sed
252 2089 393 2148 magnum
408 2079 542 2129 metuens
556 2091 588 2128 se
604 2081 668 2149 post
684 2082 803 2130 cratera
821 2075 941 2150 tegebat
957 2092 965 2142 3

180 2162 305 2221 Pectore
322 2163 351 2221 in
366 2163 490 2221 adverso
504 2173 597 2222 totum
612 2166 660 2222 cui
675 2167 839 2223 comminus
858 2186 960 2224 ensem

180 2254 320 2315 Condidit
336 2258 514 2335 assurgenti,
531 2266 559 2314 et
574 2258 668 2316 multi
681 2267 775 2315 morte
790 2260 913 2335 recepit.

181 2345 367 2426 Purpuream
381 2350 469 2406 vomit
484 2350 532 2406 ille
548 2351 686 2422 animam,
703 2360 731 2408 et
747 2370 814 2408 cum
828 2351 974 2427 sanguine
996 2351 1088 2409 mixta

180 2438 257 2499 Vina
271 2442 363 2500 resert
378 2443 529 2499 moriens:
553 2443 601 2499 bic
617 2443 694 2500 furto
709 2443 839 2500 fervidus
853 2444 952 2502 instat.
1107 2443 1167 2502 ³50

178 2533 306 2611 Jamque
322 2535 359 2592 ad
374 2535 508 2611 Messapi
523 2535 619 2592 socios
634 2536 784 2606 tendebat,
802 2537 852 2593 ubi
871 2536 969 2613 ignem

179 2625 320 2685 Deficere
335 2639 510 2699 extremum,
527 2637 555 2686 et
571 2629 713 2706 religatos
728 2628 782 2685 rut
798 2629 916 2686 videbat

180 2719 314 2798 Carpere
329 2741 453 2799 gramen
468 2741 562 2798 equos
579 2743 586 2792 3
611 2723 741 2780 breviter
755 2743 845 2799 quum
859 2723 932 2780 talia
945 2723 1049 2795 Nisus,
1125 2714 1133 2729 ¹

180 2813 291 2890 (Sensit
307 2816 385 2871 enim
398 2815 490 2872 nimid
504 2816 586 2873 carde
601 2826 690 2892 atque
706 2816 842 2892 cupidine
859 2815 957 2894 ferri)

178 2908 375 2978 Absistemus,
392 2909 432 2965 ait
449 2928 456 2976 ;
481 2928 549 2966 nam
564 2911 613 2966 lux
628 2910 747 2966 inimica
762 2910 947 2986 propinquat.
1104 2911 1164 2970 855

177 3000 339 3059 Poenarum
355 3002 529 3059 exhaustum
544 3002 617 3060 satis
630 3012 675 3060 est
691 3023 699 3072 ;
724 3005 772 3060 via
786 3004 866 3060 sacta
880 3023 933 3080 per
946 3003 1056 3064 hostes.

178 3093 274 3152 Multa
288 3092 384 3152 virium
398 3096 491 3153 solido
505 3105 628 3174 argento
644 3097 776 3174 perfecta
790 3098 959 3174 relinquunt

179 3187 341 3264 Armaque,
357 3197 551 3265 craterasque
566 3191 662 3261 simul,
680 3191 879 3266 pulchrosque
898 3199 1023 3267 tapetas.

178 3280 330 3356 Euryalus
345 3281 482 3358 phaleras
496 3283 674 3340 Rhamnetis
689 3292 718 3339 ct
733 3302 825 3340 aurea
841 3283 928 3340 bullis

180 3372 322 3451 Cingula,
339 3375 457 3432 Tiburti
471 3375 600 3433 Remulo
614 3375 774 3432 ditissimus
789 3376 858 3433 olim
1106 3377 1165 3435 ³60

180 3464 256 3533 Quae
271 3467 356 3524 mittit
371 3468 459 3537 dona,
475 3468 602 3544 bospitio
616 3487 707 3543 quum
717 3468 858 3544 jungeret
874 3470 991 3539 absens,

179 3558 339 3618 Caedicus:
363 3561 412 3617 ille
428 3580 482 3617 suo
497 3561 625 3617 moriens
639 3560 689 3617 dat
704 3561 814 3617 babere
829 3562 948 3638 nepoti:
1001 3576 1003 3581 ’

179 3650 249 3710 Post
264 3661 388 3710 mortem
404 3653 481 3710 bello
494 3653 599 3710 Rutuli
614 3652 774 3730 pugnisque
791 3655 872 3730 potiti
888 3673 895 3710 ε

179 3744 257 3804 Haec
272 3748 357 3823 rapit,
375 3756 464 3823 atque
478 3744 615 3805 humeris
623 3749 821 3824 nequidquam
837 3749 960 3806 fortibus
975 3757 1065 3827 aptat.

177 3836 255 3896 Tum
270 3841 386 3917 galeam
401 3841 535 3918 Messapi
548 3841 677 3899 babilam
691 3843 849 3919 cristisque
864 3843 1004 3903 decoram
1103 3848 1162 3904 ³65

179 3929 286 3990 lnduit.
330 3934 487 3992 Excedunt
502 3936 618 4006 castris,
635 3944 663 3993 et
678 3944 742 3994 tuta
756 3945 926 4014 capessunt.

216 4025 338 4084 Interea
352 4029 495 4104 praemissi
509 4030 624 4105 equites
639 4049 675 4087 ex
693 4033 766 4088 urbe
780 4030 901 4102 Latint,

179 4118 301 4179 Caetera
315 4121 383 4179 dum
398 4123 476 4200 legio
491 4123 603 4200 campis
617 4125 762 4182 instructa
780 4134 922 4196 moratur,

178 4211 276 4285 Ibant,
293 4222 322 4271 et
336 4215 439 4273 Turno
454 4216 535 4294 regis
549 4236 692 4293 responsa
708 4218 851 4289 ferebant,

177 4304 371 4377 Tercentum,
387 4310 495 4367 scutati
510 4330 621 4380 omnes,
638 4310 799 4370 Volscente
815 4313 966 4390 magistro.
1102 4316 1161 4373 ato

177 4399 306 4476 Jamque
321 4402 554 4479 propinquabant
570 4405 686 4474 castris,
703 4425 861 4481 murosque
876 4407 1024 4479 subibant,

178 4492 279 4560 Quum
294 4495 396 4570 procul
410 4495 464 4552 hos
478 4495 553 4554 laero
568 4497 721 4555 flectentes
736 4499 825 4555 limite
840 4507 966 4556 cernunt
981 4519 989 4569 ;

177 4585 218 4644 Et
232 4586 321 4664 galea
335 4587 501 4666 Euryalum
514 4589 656 4648 sublustri
669 4591 765 4648 noctis
778 4590 807 4647 in
822 4589 928 4648 umbria
