2692 5122
175 380 235 438 234
461 373 487 420 r.
506 374 670 422 visurum
691 375 864 425 trunonis

176 512 295 590 Perque
310 530 400 570 cavas
414 510 497 571 densi
510 513 571 569 tela
584 511 754 589 intorquere
769 512 923 572 lenestrss'.

176 604 321 683 Princeps
335 605 485 663 ardentem
501 604 628 679 conjecit
642 605 779 683 lampada
791 605 923 678 Turnus,
1099 604 1160 669 5&

176 697 218 758 Et
232 699 379 756 flammam
393 698 485 755 affixit
499 686 605 767 leterii,
631 718 697 775 quae
712 699 836 776 plurima
847 707 935 757 vento

178 791 330 869 Corripuit
343 791 470 861 tabulas,
486 802 515 848 et
530 791 662 868 postibus
676 791 761 850 haesit
775 791 884 850 adesis.

177 884 304 943 Turbati
317 884 467 961 trepidare
481 884 571 954 intus,
588 884 757 960 frustraque
771 885 916 942 malorum

177 977 264 1035 Velle
280 978 389 1054 lugam.
430 976 511 1034 Dum
525 995 557 1033 se
572 978 747 1054 glomerant,
763 986 903 1053 retroque
916 975 1050 1037 residunt

178 1069 213 1129 ln
229 1080 352 1148 partem,
371 1090 436 1146 quie
451 1078 534 1147 peste
549 1078 643 1140 caret,
659 1078 720 1127 tum
736 1070 865 1147 pondere
880 1070 970 1128 turris
1098 1071 1161 1131 64⁰

177 1163 338 1221 Procubuit
354 1162 462 1233 subitb,
480 1171 509 1219 et
523 1163 632 1220 coelum
645 1171 727 1220 tonat
741 1181 827 1220 omne
842 1161 972 1240 fragore.

179 1256 350 1314 Semineces
365 1256 401 1312 sd
415 1265 536 1326 terram,
553 1256 671 1312 immani
686 1255 761 1313 mole
775 1254 891 1328 secuti,

179 1349 357 1426 Confixique
371 1349 433 1408 suis
446 1350 523 1419 telis,
540 1358 569 1407 et
583 1357 704 1426 pectora
719 1348 792 1406 duro

178 1442 349 1501 Translossi
363 1442 454 1519 ligno,
471 1442 601 1499 veniunt.
644 1441 703 1499 Vix
716 1460 793 1499 unus
806 1440 953 1514 Helenor,

178 1534 218 1594 Et
232 1534 344 1610 Lycus,
362 1534 456 1610 elapsi
469 1552 477 1603 3
501 1553 625 1609 quorum
640 1534 798 1610 primaevus
811 1533 957 1606 Helenor,
1101 1522 1160 1595 646

178 1627 307 1685 Maeonio
322 1627 387 1703 regi
401 1644 487 1701 quem
502 1645 590 1683 serva
603 1623 760 1705 Licymnia
774 1627 872 1684 furtim

179 1720 355 1790 sustulerat,
372 1719 528 1794 vetitisque
543 1719 581 1777 ad
594 1719 715 1794 Trojsm
731 1721 851 1777 miserat
866 1719 966 1792 armis,

178 1813 260 1872 Ense
275 1813 348 1869 levis
363 1812 451 1883 nudo,
468 1811 630 1888 parmisque
645 1812 787 1889 inglorius
806 1811 884 1872 albia.

179 1906 269 1983 Isque
284 1906 334 1963 ubi
348 1925 381 1963 se
395 1906 490 1963 Turni
506 1905 602 1962 media
616 1906 693 1963 inter
706 1906 798 1963 millia
811 1906 892 1977 vidit,

178 1998 261 2058 Hinc
276 2000 357 2056 acies
371 2007 459 2074 atque
475 1998 542 2055 binc
557 1998 638 2056 acies
652 1999 770 2057 adstare
784 1999 909 2058 Latinas
924 2018 933 2069 ;
995 2050 998 2055 .
1100 2001 1159 2061 660

179 2091 218 2149 Ut
234 2092 307 2162 iera,
324 2111 400 2167 quae,
417 2089 511 2148 densi
526 2089 684 2149 venantium
697 2101 781 2169 septa
799 2090 921 2162 corona,

179 2187 295 2247 Contra
308 2188 368 2244 tela
382 2186 461 2257 furit,
476 2206 603 2261 seseque
618 2186 696 2244 baud
710 2187 811 2244 nescia
826 2187 912 2245 morti

179 2281 288 2356 lnjicit‚
304 2294 334 2339 et
347 2280 422 2338 saltu
438 2300 528 2356 supra
543 2280 689 2337 venabula
703 2280 796 2338 fertur
810 2300 818 2350 3

179 2372 272 2431 Haud
286 2373 372 2430 aliter
380 2373 500 2447 juvenis
513 2373 625 2430 medios
639 2373 797 2431 moriturus
810 2374 840 2432 in
854 2374 955 2432 hostes

181 2464 280 2535 Inruit,
297 2474 336 2535 et,
352 2464 413 2540 qui
425 2465 486 2522 tela
501 2464 577 2522 videt
592 2465 777 2537 densissima,
793 2467 895 2526 tendit.
1102 2468 1161 2527 666

179 2560 218 2617 At
233 2559 356 2635 pedibus
371 2559 459 2634 longe
473 2559 577 2615 melior
590 2557 701 2633 Lycus,
719 2558 795 2616 inter
808 2568 837 2616 et
852 2561 962 2633 hostes,

179 2651 261 2709 Inter
275 2659 304 2707 et
319 2670 409 2720 arma,
427 2648 499 2726 lugd
512 2670 611 2708 muros
625 2659 716 2720 tenet,
733 2652 852 2727 altaque
867 2660 962 2711 certat

178 2744 331 2802 Prendere
344 2751 423 2801 tecta
438 2762 536 2813 manu,
552 2740 724 2818 sociiimque
740 2745 885 2822 attingere
900 2745 1028 2804 dextras.

179 2836 277 2904 Quem
291 2837 422 2906 Turnus,
440 2838 550 2913 pariter
563 2855 652 2893 cursu
666 2835 786 2912 teloque
800 2847 932 2908 secutus,

178 2931 318 3008 Increpat
332 2931 377 2987 bis
391 2930 485 2987 victor
500 2949 506 2986 ι
529 2929 695 2986 Nostraene
709 2930 847 3001 evadere,
864 2930 998 3003 demens,
1098 2932 1160 2990 660

179 3024 312 3103 Spereisti
326 3034 355 3081 te
370 3043 456 3100 posse
471 3043 575 3080 manus
590 3023 599 3078 ?
622 3023 714 3080 Simul
729 3024 830 3100 arripit
845 3024 939 3100 ipsum

178 3120 371 3189 Pendentem,
389 3127 418 3175 et
432 3116 542 3194 magni
555 3118 630 3174 muti
644 3138 711 3175 cum
726 3126 809 3194 parte
823 3117 938 3175 revellit
953 3136 961 3174 τ

179 3212 286 3279 Qualis
301 3212 349 3269 ubi
364 3219 414 3268 aut
429 3212 569 3288 leporem,
586 3219 636 3268 aut
651 3211 788 3268 candenti
802 3230 927 3288 corpore
941 3229 1082 3287 cycnum,

179 3306 301 3362 Sustulit
317 3305 376 3360 alta
391 3312 494 3379 petens
510 3303 631 3378 pedibus
644 3304 729 3361 Jovis
743 3304 872 3380 armiger
885 3303 989 3373 uncis;

179 3396 345 3463 Quaesitum
359 3406 410 3453 aut
424 3397 510 3453 matri
525 3396 622 3454 multis
637 3397 782 3454 balatibus
797 3416 906 3474 agnum
998 3468 1001 3473 ψ
1100 3397 1159 3455 666

178 3489 305 3548 Martius
320 3510 337 3546 a
351 3489 474 3546 stabulis
488 3489 585 3566 rapuit
598 3491 694 3566 lupus.
736 3489 874 3565 Undique
889 3490 1002 3548 clamor

177 3583 315 3641 Tollitur.
358 3581 516 3652 Invadunt,
533 3589 561 3638 et
579 3581 673 3639 sossns
688 3601 799 3659 aggere
815 3581 962 3658 complent
978 3601 986 3652 ;

178 3675 326 3733 Ardentes
339 3675 433 3732 taedas
448 3675 497 3731 alii
511 3674 548 3730 ad
562 3673 679 3749 fastigia
690 3674 815 3749 jactant.

179 3767 309 3825 Ilioneus
322 3787 394 3825 saxo
408 3775 498 3842 atque
512 3766 623 3841 ingenti
638 3766 783 3843 fragmine
796 3766 903 3824 montis

177 3846 346 3929 Lucetium,
363 3872 453 3936 portae
468 3860 654 3928 subeuntem,
671 3859 815 3936 ignesque
830 3860 995 3931 ferentem3
1101 3859 1159 3918 670

177 3955 356 4014 Emathiona
370 3953 472 4030 Liger,
490 3952 670 4028 Corynaeum
685 3955 788 4011 sternit
802 3955 911 4030 Asylas
927 3973 935 4024 ;

178 4049 240 4106 Hic
250 4048 352 4122 jaculo
366 4049 470 4116 bonus,
487 4046 534 4103 bic
549 4046 636 4123 longe
651 4046 770 4104 fallente
785 4046 896 4123 sagitta
911 4066 919 4115 3

178 4141 334 4219 Ortygium
349 4140 490 4212 Caeneus,
507 4140 649 4198 victorem
663 4139 776 4199 Caenea
790 4140 912 4197 Turnus
926 4157 934 4209 ;
