2692 5122
192 387 233 448 fl
482 383 510 431 r.
529 381 696 430 vmcmm
719 382 892 433 ursonis

190 522 296 594 Quum
310 540 450 583 canorem
464 540 553 602 reges
566 532 596 580 et
611 524 726 600 prouida,
743 522 892 600 Cynthius
906 540 1010 581 auron

192 620 296 693 Vadit,
312 629 341 678 et
356 620 526 677 admonuit:
551 618 746 690 “Pastorom,
762 620 878 695 Tityre,
893 619 1018 696 pingues

190 713 324 774 Poscere
338 722 454 792 oportet
468 731 550 783 oves,
566 712 726 771 deductum
740 713 841 771 dicere
855 712 1010 770 carmen.”
1159 711 1180 770 ὅ

191 809 220 870 N
224 830 281 868 unc
295 829 352 888 ego
368 811 510 886 (namque
525 827 616 884 super
628 808 681 864 tibi
696 817 782 864 erunt
797 808 847 883 qui
859 807 960 864 dicere
975 804 1092 877 leudos,

191 901 284 974 Vara,
300 912 367 960 tuas
381 901 512 979 cupiant,
529 910 558 958 et
571 901 670 958 tristia
683 901 813 958 condere
828 900 922 978 betta)

190 997 351 1076 Agrestem
365 997 446 1055 tenui
461 995 625 1053 meditabor
640 994 784 1053 arundine
798 1013 922 1052 muman.

190 1091 260 1151 Non
274 1092 387 1167 injussa
401 1109 487 1148 cano.
530 1090 561 1146 Si
576 1090 643 1166 quis
656 1098 756 1146 tamen
770 1089 835 1147 haec
850 1107 980 1164 quoque,
996 1088 1021 1146 si
1037 1088 1103 1165 quis

191 1185 308 1264 Captus
323 1205 424 1244 amore
439 1186 519 1262 leget
535 1203 543 1253 3
567 1194 597 1242 te
611 1197 732 1255 nostrae,
749 1184 843 1254 Vare,
860 1184 991 1261 myricas,
1143 1184 1179 1242 10

190 1276 235 1338 Te
251 1299 355 1337 nemus
369 1298 454 1337 omne
469 1287 578 1336 canet:
601 1296 657 1336 nec
671 1277 787 1337 Phoebo
800 1278 916 1356 gratior
928 1278 989 1335 uiis
1001 1285 1057 1349 est,

189 1374 291 1442 Quam
304 1375 360 1433 sibi
375 1394 441 1451 quae
455 1374 530 1431 Vari
546 1374 724 1450 praescripsit
739 1373 848 1450 pagina
863 1390 979 1431 nomen.

227 1468 360 1546 Pergite,
376 1467 521 1526 Pierides.
565 1467 705 1526 Chromis
719 1479 748 1524 at
762 1464 920 1543 Mnasylus
934 1466 964 1523 in
979 1473 1066 1523 antro

188 1562 320 1621 Silenum
335 1563 419 1640 puori
433 1580 536 1619 somno
551 1559 652 1621 videre
664 1561 827 1637 jacentem,
930 1616 933 1621 .

187 1655 325 1715 Inflatum
341 1656 480 1714 heoterno
494 1675 597 1727 venas,
615 1666 646 1714 ut
660 1674 788 1731 semper,
805 1653 937 1712 laccho:
1141 1655 1177 1714 15

187 1750 275 1808 Serta
290 1750 393 1826 procul
407 1749 520 1806 tantum
534 1749 624 1825 capiti
638 1748 761 1825 detupsa
771 1748 924 1824 jacebant,

185 1842 226 1901 Et
241 1843 341 1920 gravis
356 1841 457 1900 attritd
471 1842 617 1919 pendebat
631 1843 794 1900 cantharus
808 1837 892 1899 ansi.

184 1936 333 2015 Aggressi
349 1936 431 2013 (nam
445 1934 526 2012 saepe
541 1954 632 1993 senex
648 1954 700 2012 ope
715 1932 855 1992 carminis
869 1934 956 1991 ambo

184 2023 337 2106 Luserat)'
345 2029 479 2104 injiciunt
493 2029 565 2104 ipsis
578 2048 616 2086 ex
630 2028 750 2086 vincula
763 2027 859 2084 sertis.

184 2122 276 2182 Addit
290 2142 323 2181 se
338 2123 462 2192 sociam,
478 2120 646 2198 timidisque
662 2121 832 2197 supervenit
845 2118 952 2196 AEgle‚

78 2233 81 2241 ’
183 2214 291 2292 AEgio,
308 2214 459 2272 Naiadum
474 2214 696 2290 pulcherrima;
716 2214 839 2289 jamque
853 2211 965 2269 videnti

185 2310 364 2387 Sanguineis
378 2310 504 2368 frontem
518 2310 608 2366 moris
622 2319 650 2366 et
664 2319 799 2385 tempora
812 2306 914 2385 pingit.

183 2402 239 2461 lile
254 2402 353 2460 dolum
367 2402 477 2471 ridens,
497 2406 517 2433 “
530 2400 601 2467 Quo
616 2401 735 2458 vincula
749 2401 870 2458 nectitis
884 2400 918 2455 ?'’
938 2400 1034 2477 inquit
1049 2419 1059 2457 t

186 2500 207 2528 ‘⁶
220 2495 331 2553 Solvite
345 2513 403 2565 me,
421 2493 504 2571 pueri
521 2512 529 2562 ;
552 2493 626 2551 ontis
640 2502 685 2551 ert
700 2494 831 2570 potuisse
845 2493 949 2552 videri.

183 2586 337 2657 Carmina,
355 2606 420 2664 quae
435 2587 533 2660 vultis,
549 2587 721 2664 cognoscite
738 2606 744 2642 :
768 2587 900 2644 carmina
913 2576 1011 2659 vobis:

182 2680 266 2739 Huic
282 2680 360 2738 aliud
377 2680 523 2738 mercedis
537 2681 628 2738 erit.'’
668 2680 760 2737 Simul
776 2680 875 2757 incipit
897 2681 969 2758 ipse.

180 2772 261 2832 Tum
276 2773 346 2831 νει-ὸ
362 2773 558 2831 innumerum
572 2773 754 2848 Faunosque
769 2773 909 2850 ferasque
923 2774 1041 2833 videres

181 2866 313 2939 Ludere,
328 2877 391 2926 turn
404 2867 516 2946 rigidas
530 2876 643 2924 motare
658 2867 814 2925 cacumina
828 2886 958 2943 quercus
972 2884 980 2924 t

181 2962 211 3022 N
214 2983 249 3021 ec
263 2961 378 3022 tantiam
393 2962 509 3022 Phoebo
523 2962 633 3041 gaudet
646 2962 809 3020 Parnassia
823 2983 923 3041 rupes,

181 3054 248 3115 Nec
262 3057 376 3115 tantiam
391 3056 536 3134 Rhodope
551 3057 696 3115 mirantur
709 3065 739 3113 et
753 3055 885 3115 Ismarus
899 3057 1030 3135 Orphea.
1130 3120 1134 3129 .

218 3149 357 3226 Namque
372 3152 509 3219 canebat,
528 3149 569 3207 uti
585 3168 723 3228 magnum
737 3169 791 3227 per
805 3150 891 3208 inane
906 3160 1013 3207 coacta

180 3244 300 3301 Semina
312 3254 521 3319 terrarumque
539 3244 705 3319 animmque
723 3244 872 3320 marisque
887 3243 1023 3314 fuissent,

179 3336 219 3394 Et
234 3337 335 3413 liquidi
349 3337 436 3394 simui
450 3337 528 3413 ignis
544 3355 552 3405 ;
576 3346 608 3393 ut
622 3337 668 3393 his
682 3336 804 3393 exordia
818 3336 919 3413 primis

178 3428 295 3500 Omnia,
310 3438 339 3487 et
355 3429 417 3506 ipse
430 3437 517 3487 tener
530 3429 629 3486 mundi
644 3430 831 3487 concreverit
844 3430 925 3488 orbis
939 3448 947 3487 z

178 3520 256 3579 Tum
271 3522 379 3580 durare
395 3523 500 3593 solum,
517 3532 546 3580 et
561 3521 729 3581 discludere
745 3522 773 3580 N
776 3542 847 3580 eren
861 3530 950 3600 ponto

179 3612 325 3692 Coeperit,
341 3625 370 3674 et
385 3635 484 3675 rerum
499 3616 639 3693 paulatim
653 3635 771 3674 sumere
786 3616 917 3675 formas:

176 3707 305 3787 Jamque
319 3730 427 3770 novum
441 3721 528 3771 terrae
543 3720 680 3789 stupeant
695 3712 849 3770 lucescere
864 3713 957 3770 solem
972 3731 981 3782 3

177 3802 276 3863 Altius
291 3815 380 3882 atque
394 3805 503 3864 cadant
518 3807 662 3864 submotis
676 3806 804 3864 nubibus
819 3807 949 3863 imbres:

178 3895 324 3976 Incipiunt
339 3901 421 3959 silvae
437 3921 526 3977 quum
541 3901 666 3978 primum
683 3920 819 3979 surgere,
836 3920 986 3978 quumque

175 3991 262 4052 Rara
276 4013 329 4070 per
344 3995 461 4071 ignotos
475 4006 575 4052 errent
590 3995 730 4053 animalia
745 4005 867 4054 montes.

215 4086 297 4145 Hinc
312 4088 426 4164 lapides
440 4088 565 4165 Pyrrhae
575 4088 686 4163 jactos,
703 4089 842 4146 Suturnia
857 4108 960 4167 regna,

175 4178 403 4257 Caucasiasque
417 4181 508 4241 refert
522 4182 672 4253 volucres,
689 4181 857 4258 furtumque
872 4181 1050 4243 Promethei.
