2692 5122
186 416 242 474 ³08
475 409 501 456 P.
516 406 685 455 vittotmt
709 406 884 456 Minonis

187 546 295 607 Telum
307 548 444 617 immane,
460 565 549 604 mauu
564 546 664 605 validd
677 547 755 623 quod
769 547 843 605 forte
857 549 982 624 gerebat

185 641 329 721 Bellator,
346 641 470 698 solidum
485 640 570 697 nodis
584 649 613 698 et
628 642 734 698 robore
749 649 845 712 cocto,

185 734 269 796 Huic
284 743 393 804 natam,
410 735 486 792 libro
500 743 529 791 et
543 735 670 792 silvestri
688 737 796 792 subere
811 735 955 805 clausam,

185 826 330 905 Implicat,
348 838 436 904 atque
450 829 578 886 habilem
594 829 698 886 mediae
712 829 899 906 circumligat
914 828 1029 897 hastan

186 921 285 989 Quam
299 921 405 979 dextrla
418 923 529 999 ingenti
545 922 667 993 librans,
684 923 724 980 ita
739 922 776 979 ad
791 923 903 980 oetbera
917 921 995 980 satur
1010 939 1017 978 :

184 1016 281 1085 Alma,
298 1016 350 1072 tibi
365 1016 452 1085 banc,
470 1035 623 1073 nemorum
639 1016 756 1085 cultrix,
773 1015 902 1073 Latonia
916 1016 1010 1091 virgo,

185 1108 253 1186 lpse
269 1119 353 1185 pater
368 1109 506 1167 famulam
522 1129 638 1167 voveo:
660 1118 712 1167 tua
729 1110 820 1186 prima
835 1129 889 1185 per
900 1128 992 1166 auras

184 1202 261 1260 Tela
274 1212 379 1260 tenens
393 1205 516 1280 supplex
531 1203 646 1260 hostem
661 1204 744 1280 fugit.
786 1204 911 1278 Accipe,
927 1210 1031 1273 testor,

183 1294 273 1366 Diva,
290 1310 381 1366 tuam,
399 1315 464 1372 quae
480 1315 558 1353 nunc
572 1297 668 1353 dubiis
683 1297 874 1353 committitur
888 1295 978 1353 auris.

182 1386 277 1462 Dixit,
293 1398 321 1445 et
336 1390 464 1446 adducto
479 1399 645 1446 contortum
661 1390 767 1446 hastile
781 1390 894 1446 lacerto

183 1480 336 1539 Immittit:
360 1480 488 1540 sonuere
504 1482 609 1550 undie3
634 1482 768 1559 rapidum
782 1502 873 1558 super
887 1500 1001 1540 amnem
1016 1534 1019 1539 .

183 1574 290 1632 Infelix
305 1576 378 1652 sugit
393 1577 421 1632 in
438 1576 540 1650 jaculo
555 1576 696 1632 stridente
712 1575 850 1634 Camilla.

183 1667 224 1726 At
240 1667 388 1739 Metabus,
404 1667 515 1745 magnii
529 1669 648 1744 propilio
665 1668 727 1743 jam
742 1676 866 1744 urgente
881 1666 1014 1738 catervi,

182 1758 244 1816 Dat
259 1780 325 1817 sese
340 1760 440 1831 fluvio,
458 1769 547 1836 utque
562 1762 676 1818 hastam
692 1780 758 1818 cum
774 1761 888 1837 virgine
904 1761 999 1818 victor

183 1853 355 1924 Gramineo,
373 1854 481 1911 donum
495 1854 618 1925 Triviae,
635 1853 671 1911 de
686 1854 798 1930 cespite
813 1853 903 1911 vellit.

86 1956 90 1961 '
182 1945 211 2004 N
214 1967 251 2004 on
266 1947 347 2004 illum
361 1947 447 2003 tectis
462 1947 540 2017 ullae,
557 1966 615 2004 non
629 1948 786 2016 moenibus,
804 1948 894 2003 urbes

181 2037 339 2116 Acceptire
356 2059 363 2109 ;
387 2060 485 2115 neque
499 2041 562 2116 ipse
578 2060 684 2097 munus
698 2040 814 2097 feritate
829 2039 980 2097 dedisset:

181 2131 339 2191 Pastorum
353 2142 382 2191 et
396 2134 467 2191 solis
481 2135 580 2210 exegit
595 2135 741 2191 montibus
756 2152 860 2191 aevum.

181 2223 243 2283 Hic
257 2236 367 2296 natum,
384 2227 413 2283 in
427 2228 522 2284 dumis
537 2227 672 2303 interque
688 2226 836 2283 horrentia
851 2226 955 2296 lustra,

181 2318 364 2377 Armentalis
379 2340 463 2395 equae
479 2322 612 2377 mammis
626 2330 655 2377 et
670 2320 748 2376 lacte
764 2320 857 2376 serino

181 2411 331 2483 Nutribat,
348 2414 459 2470 teneris
473 2414 649 2490 immulgens
664 2415 757 2469 ubera
771 2413 872 2470 labris.

180 2502 279 2580 thue
295 2506 401 2581 pedum
415 2506 515 2582 primis
530 2506 626 2563 infans
640 2506 766 2581 vestigia
783 2505 890 2582 plantis

181 2597 344 2668 institerat,
357 2599 458 2673 jaculo
474 2601 586 2675 polinas
601 2600 735 2657 oneravit
750 2609 837 2656 acuto
852 2619 858 2656 :

181 2689 361 2766 Spiculaque
376 2709 412 2747 ex
427 2691 550 2753 humero
565 2711 663 2767 parvas
678 2693 830 2768 suspendit
845 2701 874 2750 et
889 2711 1001 2752 arcum.

179 2781 239 2840 Pro
254 2785 358 2841 crinali
373 2804 457 2854 auro,
474 2804 526 2860 pro
541 2785 636 2861 longae
651 2786 781 2862 tegmine
797 2786 893 2861 pallae,

179 2875 312 2953 Tigridis
325 2877 440 2935 exuviae
456 2897 509 2954 per
521 2879 640 2935 dorsum
655 2880 798 2936 avertice
814 2879 950 2955 pendent.

178 2968 256 3027 Tela
271 2990 358 3028 manu
376 2971 437 3045 jam
451 2985 513 3029 tum
526 2971 632 3029 tenerit
647 2972 771 3048 puerilia
785 2975 879 3043 torsit,

178 3061 219 3120 Et
235 3063 354 3121 fundam
368 3065 454 3122 tereti
470 3066 582 3122 circum
597 3075 684 3142 caput
699 3067 760 3142 egit
776 3067 904 3137 habendi,

180 3154 435 3233 Strymoniamque
450 3178 553 3235 gruem
569 3168 619 3215 aut
635 3159 732 3216 album
750 3160 856 3234 dejecit
871 3161 998 3219 olorem.¹

178 3247 281 3307 Multae
297 3251 375 3308 illam
390 3252 500 3309 frustra
513 3251 671 3327 Tyrrhena
685 3272 738 3329 per
752 3254 859 3329 oppida
873 3263 983 3312 matres

178 3340 329 3417 Optavere
344 3363 450 3400 nurum
464 3363 470 3400 :
493 3344 558 3401 sold
572 3354 711 3402 contenta
724 3345 835 3416 Diand,

178 3434 339 3495 AEternum
353 3436 478 3492 telorum
493 3446 522 3493 et
537 3438 714 3514 virginitatis
730 3459 861 3497 amorem

178 3525 358 3586 Intemerata
374 3529 452 3586 colit.
494 3530 612 3587 Vellem
626 3532 705 3590 haud
720 3542 858 3609 correpta
871 3533 974 3591 suisset

178 3617 286 3680 Militiii
299 3621 360 3691 tali,
377 3631 485 3679 conata
499 3623 649 3683 lacessere
665 3625 801 3683 Teucros
815 3644 823 3694 ;

178 3714 260 3775 Cara
275 3718 354 3788 mibi,
371 3719 570 3796 comitumque
586 3721 660 3778 foret
675 3740 753 3779 nunc
768 3741 828 3779 una
839 3741 980 3781 mearum.

179 3808 289 3867 verum
305 3830 373 3888 age,
390 3813 628 3890 quandoquidem
643 3815 710 3872 sutis
724 3825 849 3892 urgetur
863 3816 990 3888 acerbis,

175 3901 306 3974 Lubere,
323 3905 471 3982 Nympha,
488 3908 564 3983 polo,
582 3909 714 3984 finesque
730 3909 821 3966 invise
835 3909 971 3981 Latinos,

176 3993 286 4055 Tristis
301 3998 349 4055 ubi
364 3998 491 4056 infausto
505 4002 695 4060 committitur
708 4002 804 4059 omine
820 4021 928 4078 pugna.

175 4087 255 4148 Haec
270 4110 356 4167 capo,
373 4100 402 4148 et
416 4094 550 4153 ultricem
565 4094 706 4173 pharetris
719 4096 856 4171 deprome
872 4096 1032 4172 sagittam:

175 4183 258 4258 Hac,
275 4187 452 4265 quicumque
467 4211 586 4250 sacrum
600 4191 716 4250 violdrit
731 4191 852 4249 vulnere
866 4210 985 4271 corpus,
