2692 5122
457 749 656 798 auconrcn.
685 733 769 796 aci..
789 749 818 795 v.

573 967 704 1008 MOPSUS.

144 1071 193 1132 Tu
207 1073 312 1150 major,
327 1073 381 1132 tibi
394 1093 441 1132 ma
452 1082 499 1132 cst
512 1092 631 1149 equum
645 1091 761 1149 parere,
778 1069 937 1129 Menalca:
1019 1122 1025 1145 ,

144 1168 215 1226 Sive
229 1170 285 1226 sub
298 1168 430 1226 incertas
443 1167 593 1244 Zephyris
607 1166 787 1224 motantibus
802 1164 934 1236 umbras,
1111 1165 1133 1222 ὃ

144 1262 214 1321 Sive
229 1269 316 1320 antro
331 1260 426 1339 potihs
440 1261 651 1319 succedimus:
668 1259 800 1336 adspice,
816 1268 848 1316 ut
862 1268 981 1318 antrum
1046 1332 1049 1339 .
1158 1324 1165 1342 ·

144 1355 298 1413 Silvestris
310 1355 388 1413 raris
401 1355 510 1432 sparsit
523 1355 664 1412 labrusca
678 1353 816 1411 racemis.

553 1518 727 1558 maniacis.

144 1606 298 1667 Montibus
311 1607 341 1666 in
355 1608 464 1666 nostris
478 1607 559 1666 solus
572 1608 625 1665 tihi
639 1616 733 1665 certet
748 1609 903 1685 Amyntas.

576 1759 704 1799 morsos.

147 1847 240 1920 Quid,
255 1849 281 1907 si
293 1848 371 1908 idem
385 1856 480 1908 certet
494 1849 640 1908 Phoebum
654 1868 797 1927 superare
812 1847 947 1908 canendo
961 1848 972 1906 l

550 1998 725 2038 maniacis.

147 2085 262 2166 Incipe,
277 2088 395 2167 Mopse,
412 2089 511 2167 prior:
536 2089 561 2147 si
575 2109 650 2165 quos
663 2098 713 2147 aut
729 2089 874 2165 Phyllidis
887 2089 984 2169 ignes,

144 2183 207 2241 Aut
222 2182 345 2242 Alconis
359 2183 451 2241 habea
465 2183 578 2252 laudas,
595 2193 646 2240 aut
656 2183 758 2262 jurgia
773 2183 876 2245 Codri.

146 2273 249 2354 Incipe
264 2297 272 2346 ;
288 2284 445 2354 pascentes
458 2277 590 2335 servabit
602 2277 726 2354 Tityrus
740 2278 850 2339 hoedos.

575 2452 705 2492 MOPSUS.

148 2556 241 2615 Immo
254 2557 330 2628 haec,
342 2557 376 2616 >in
391 2557 476 2615 viridi
491 2575 586 2633 nuper
601 2576 667 2632 quae
682 2557 795 2615 cortice
810 2558 871 2636 sagi

148 2649 292 2710 Carmina
304 2651 460 2727 descripsi,
475 2660 505 2708 et
519 2651 674 2708 modulans
688 2651 804 2708 alterna
818 2651 930 2725 notavi,
962 2672 966 2686 ·

147 2744 312 2821 Experiar:
334 2753 366 2802 tu
381 2743 486 2803 deinde
497 2743 601 2818 jubeto
615 2752 709 2802 certet
723 2746 882 2821 Amyntas.

555 2920 679 2960 MENALC
685 2921 727 2961 ΑΒ.

149 3024 246 3083 Lenta
260 3023 335 3084 salix
350 3026 490 3102 quanthm
505 3027 626 3103 pallenti
640 3026 718 3085 cedit
733 3027 828 3099 olivae,

149 3119 290 3178 Puniceis
304 3120 422 3178 humilis
437 3121 577 3196 quanthm
593 3122 729 3179 saliunca
744 3122 850 3180 rosetis
866 3141 874 3192 ;

149 3212 270 3272 Judicio
283 3223 385 3273 nostro
399 3214 512 3273 tantum
526 3215 578 3272 tibi
594 3215 673 3272 cedit
688 3215 844 3292 Amyntas.

576 3390 704 3434 MOPSUS.

151 3494 208 3553 Sed
223 3505 254 3552 tu
269 3495 371 3553 desine
386 3494 481 3572 plura,
497 3514 572 3571 puer
588 3514 595 3563 ;
619 3495 821 3553 successimus
835 3503 931 3555 antro.

188 3589 376 3646 Exstinctum
390 3589 535 3665 Nymphae
550 3589 663 3646 crudeli
676 3589 779 3646 sunere
794 3589 934 3666 Daphnin

150 3682 298 3740 Flebant:
315 3701 378 3752 vos,
394 3683 498 3759 coryli,
515 3691 617 3753 testes,
634 3692 663 3740 et
678 3683 810 3754 flumina,
826 3681 974 3761 Nymphis
988 3701 997 3753 ;

151 3774 262 3846 Quum,
279 3776 432 3852 complexa
446 3777 492 3833 sui
507 3795 615 3854 corpus
630 3776 798 3834 miserabile
814 3778 886 3848 nati,

151 3868 252 3945 Atque
267 3870 339 3927 deos
354 3879 442 3945 atque
457 3880 539 3928 astra
552 3879 638 3927 vocnt
652 3870 787 3928 crudelia
801 3880 906 3930 mater.

151 3962 180 4021 N
182 3983 219 4020 on
235 3964 286 4021 ulli
301 3971 402 4039 pastos
419 3964 476 4020 illia
489 3963 580 4041 eghre
595 3964 699 4021 diebus

152 4056 286 4134 Frigida,
297 4057 430 4134 Daphni,
444 4059 535 4115 boves
550 4058 588 4114 ad
603 4059 724 4115 flumina
737 4077 745 4126 ;
762 4059 844 4116 nulla
858 4077 955 4135 neque
970 4077 1087 4120 amnem
1100 4061 1139 4120 25

152 4148 272 4209 Libavit
287 4151 465 4227 quadrupes,
482 4171 538 4208 nec
553 4153 695 4228 graminis
709 4153 806 4229 attigit
821 4153 953 4213 herbam.

153 4241 284 4320 Daphni,
300 4253 383 4302 tuum
395 4243 506 4302 Poenos
520 4245 607 4302 etiam
624 4247 803 4323 ingemuisse
818 4249 920 4308 leones

154 4334 318 4406 Interitum,
336 4345 509 4414 montesque
525 4338 579 4396 feri
593 4340 734 4416 silvaeque
750 4342 920 4417 loquuntur.

153 4428 290 4507 Daphnis
304 4440 333 4488 et
348 4432 506 4489 Armenias
519 4451 609 4490 curru
625 4435 807 4512 subjungere
821 4437 916 4515 tigres

155 4520 295 4595 Instituit,
310 4523 447 4602 Daphnis
461 4525 574 4583 thiasos
588 4527 729 4586 inducere
744 4529 869 4601 Bacchi,
1103 4533 1142 4589 80
