2692 5122
500 767 672 816 AEuntuos
691 767 760 817 Lus
774 769 822 816 vl.

176 901 274 979 Atque
289 903 359 962 huic
373 922 544 981 responsum
559 907 661 983 paucis
675 907 714 964 ita
728 907 853 966 reddidit
867 906 975 966 heros:

107 1034 110 1039 «
175 995 256 1054 Nulli
270 1003 355 1053 certa
367 995 470 1054 domus
484 1016 491 1066 ;
514 999 590 1055 lueis
605 999 769 1057 babitamus
783 1000 895 1076 opacis,

175 1087 380 1166 Riparumque
392 1100 473 1148 turos
487 1099 516 1148 et
531 1099 616 1168 prata
629 1092 761 1149 recentia
774 1093 845 1151 rivis

171 1180 343 1263 ¹incolimus.
377 1182 435 1240 Sed
449 1203 511 1254 vos,
527 1185 553 1242 si
567 1185 623 1242 fert
638 1185 679 1242 ita
692 1184 781 1243 eorde
795 1186 940 1256 voluntas,
1093 1187 1151 1245 6Ίῦ

174 1273 244 1333 Hoc
257 1287 398 1353 superate
414 1276 520 1353 jugum
533 1297 541 1345 ;
565 1286 595 1334 et
608 1278 688 1336 sacili
704 1279 766 1354 jam
780 1280 896 1336 tramite
910 1279 1021 1338 sistam.

174 1365 267 1438 Dixit,
283 1376 313 1425 et
327 1366 395 1426 antri
410 1370 475 1426 tulit
489 1389 636 1446 gressum,
652 1390 831 1448 camposque
845 1373 973 1431 nitentes

174 1458 314 1537 Desuper
328 1469 475 1518 ostentat:
497 1461 604 1520 debinc
619 1482 733 1521 summa
746 1464 901 1522 cacumina
914 1465 1058 1541 linquunt.

212 1552 254 1610 At
269 1560 353 1629 pater
365 1554 513 1612 Ancbises
527 1555 643 1632 penitus
662 1556 796 1613 convalle
811 1556 917 1614 virenti

112 1660 114 1665 '
174 1644 311 1706 Inclusas
326 1646 449 1717 animas,
465 1667 663 1725 superumque
679 1648 716 1705 ad
731 1648 828 1706 lumen
842 1649 945 1720 ituras,
1093 1650 1152 1708 68⁰

174 1736 336 1797 Lustrabat
350 1738 447 1797 studio
458 1741 594 1798 recolens
609 1760 616 1810 ;
640 1760 814 1817 omnemque
828 1760 948 1800 suorum

176 1828 266 1888 Forte
281 1833 457 1889 recensebat
470 1851 634 1904 numerum,
648 1852 795 1909 carosque
809 1841 942 1910 nepotes,

175 1921 321 1999 Fataque,
337 1924 529 2000 munnasque
543 1923 648 1996 viriam,
665 1945 831 2003 moresque,
847 1945 1021 2002 manusque.

176 2012 276 2091 Isque,
292 2016 343 2074 ubi
356 2016 523 2104 tendentem
538 2017 695 2077 adversum
709 2039 762 2096 per
775 2021 911 2098 gramina
924 2019 994 2078 vidit

174 2107 308 2179 AEnean,
326 2110 433 2167 alacris
447 2112 559 2187 palmas
574 2119 714 2187 utrasque
728 2113 850 2170 tetendit
867 2131 874 2181 ;
1093 2111 1152 2170 6θό

175 2199 347 2278 Effusmque
361 2203 446 2279 genis
460 2204 599 2281 lacrymae
613 2224 621 2274 3
644 2217 673 2262 et
689 2225 744 2262 vox
758 2204 866 2262 excidit
880 2223 932 2262 ure
946 2222 954 2261 ε

175 2293 293 2352 Venisti
305 2295 433 2366 tandem,
448 2303 559 2372 tuaque
573 2305 707 2374 spectata
725 2298 840 2374 parenti

175 2385 255 2445 Vicit
266 2389 323 2446 iter
335 2388 441 2447 durum
454 2391 549 2467 pietas
565 2393 571 2447 !
593 2390 680 2447 datur
693 2409 747 2446 ora
759 2390 847 2459 tueri,

175 2479 264 2552 Nate,
279 2488 341 2551 tua,
356 2490 385 2539 et
400 2492 487 2539 notas
502 2482 604 2539 audire
618 2494 648 2539 et
663 2481 787 2539 reddere
802 2485 912 2540 voces!

175 2573 379 2650 Sieequidem
394 2573 540 2631 ducebam
554 2575 659 2644 auimo,
674 2576 822 2649 rebarque
836 2574 976 2645 futurum,
1096 2576 1154 2633 690

175 2664 324 2743 Tempora
338 2666 528 2725 dinumerans
542 2687 550 2737 ;
574 2687 629 2726 uec
643 2687 689 2725 me
703 2687 770 2725 mea
783 2687 856 2726 cura
869 2667 981 2726 fefellit.

176 2758 261 2827 Quas
275 2779 332 2836 ego
345 2769 375 2818 te
389 2771 485 2819 terras
498 2771 528 2819 et
542 2770 652 2837 quanta
666 2780 719 2838 per
732 2780 852 2836 aequora
867 2770 986 2819 rectum

174 2852 319 2930 Accipio!
343 2855 459 2928 quantis
473 2855 626 2929 jactatum,
642 2863 723 2925 nate,
739 2853 878 2931 periclis!

176 2945 277 3014 Quam
290 2948 391 3018 metui,
407 2967 445 3005 ue
461 2948 529 3024 quid
543 2948 646 3025 Libyae
661 2949 713 3007 tibi
727 2968 821 3026 regna
834 2954 977 3006 nocerent
991 2949 999 3005 i

175 3037 229 3097 lile
244 3049 366 3097 autem:
387 3041 456 3099 Tua
470 3060 526 3112 me,
543 3043 669 3118 genitor,
685 3050 737 3099 tua
750 3042 842 3101 tristis
856 3041 965 3119 imago,
1095 3039 1154 3099 696
1234 3107 1243 3121 Ι

176 3131 290 3209 Saepius
304 3151 475 3203 occurrens,
490 3134 554 3191 haec
569 3135 669 3192 limina
682 3135 802 3192 tendere
818 3135 926 3211 adegit.

176 3225 259 3282 Stant
273 3225 337 3282 saie
350 3224 508 3301 Tyrrheno
521 3227 643 3286 classes.
685 3227 736 3284 Da
748 3228 875 3304 jungere
890 3227 1033 3298 dextram,

175 3316 234 3388 Da,
249 3317 367 3395 genitor
380 3336 387 3386 ;
411 3327 500 3393 teque
514 3320 649 3395 amplexu
664 3339 702 3376 ne
716 3319 857 3377 subtrahe
871 3326 981 3376 nostro.

177 3408 225 3467 Sic
239 3429 414 3480 memorans,
430 3411 515 3487 largo
530 3411 600 3468 fletu
614 3411 699 3468 simul
719 3430 772 3467 ora
785 3410 910 3486 rigabat,

176 3500 236 3561 Ter
250 3511 374 3560 conatus
388 3503 427 3561 ibi
442 3503 518 3560 colio
533 3503 604 3560 dare
618 3502 742 3560 brachia
756 3502 868 3559 circum
883 3520 890 3569 ;

176 3592 238 3652 Ter
252 3594 360 3653 frustra
373 3614 549 3671 comprensa
563 3614 667 3652 manus
681 3595 783 3671 effugit
798 3594 906 3670 imago,

176 3685 236 3746 Par
249 3689 362 3747 levibus
376 3691 482 3759 ventis,
500 3689 670 3764 volucrique
686 3689 832 3746 simillima
845 3707 957 3747 somno.
1019 3692 1040 3698 ‘
1091 3698 1105 3706 ⁵

214 3780 336 3839 Interea
350 3783 427 3841 videt
441 3783 560 3842 AEneas
575 3782 604 3840 in
618 3782 694 3839 velle
708 3780 833 3840 reducti

178 3874 333 3933 Seciusum
346 3895 459 3948 nemus,
476 3884 505 3934 et
519 3876 647 3953 virgulta
660 3876 795 3933 sonantia
809 3872 901 3945 silvis,

176 3964 401 4044 Lethaeumque,
416 3969 517 4027 domos
532 3969 664 4045 placidas
679 3969 729 4045 qui
742 3977 896 4046 praenatat,
913 3987 1038 4029 amnem.
1097 3971 1154 4029 '106

177 4057 269 4118 Hunc
283 4062 395 4118 circum
409 4062 569 4120 innumerae
584 4070 689 4139 gentes
702 4061 859 4139 populique
874 4062 1034 4122 volabant:

177 4154 232 4224 Ae,
249 4154 340 4211 veluti
355 4154 384 4211 in
398 4156 499 4231 protis,
516 4156 566 4212 ubi
582 4175 654 4232 apes
668 4163 771 4213 estate
785 4154 894 4213 serenti

177 4243 315 4304 Floribus
329 4247 456 4305 insidunt
471 4249 569 4319 variis,
580 4257 615 4317 ,et
629 4248 755 4306 candida
769 4248 881 4306 circum

176 4336 254 4397 Lilia
268 4340 429 4398 funduntur
442 4359 449 4409 ;
473 4342 576 4418 strepit
595 4342 687 4399 omnis
702 4360 851 4400 murmure
865 4362 996 4421 campus.

175 4430 335 4491 Horrescit
349 4432 414 4490 'visu
428 4435 535 4505 subito,
551 4454 718 4512 causasque
737 4436 861 4512 requirit
1096 4438 1155 4497 ¹110

176 4522 293 4584 Inscius
308 4524 434 4598 AEneas,
451 4546 516 4603 quae
530 4528 588 4587 sint
602 4547 640 4587 ea
653 4529 774 4587 flumina
787 4527 885 4606 porrd,

492 4623 526 4676 lu
