2692 5122
478 778 701 828 usosmcou
720 779 791 827 urs.
805 754 860 826 irr.

475 1168 871 1245 GEORGIOON

546 1380 699 1440 LIBER
725 1378 794 1438 111.

173 1740 222 1801 Τι
239 1759 369 1819 quoque,
385 1760 496 1822 magun
507 1741 609 1814 Pales,
625 1752 655 1800 st
668 1752 710 1814 ts,
725 1741 927 1812 memorande,
944 1759 1096 1812 cenamus,

175 1834 283 1894 Pastor
297 1836 335 1894 ab
348 1835 518 1914 Amphryso
534 1856 542 1906 ;
566 1856 630 1908 vos,
647 1836 919 1912 silvae,⁴amnesque
933 1834 1046 1911 Lycaei.

176 1929 309 2002 Cretera,
327 1949 394 2008 quae
408 1949 521 1990 vacuas
534 1931 701 1990 tenuissent
715 1931 848 1989 carmine
862 1936 988 2000 mentes,

175 2023 283 2083 Omnia
299 2023 363 2100 jam
377 2025 500 2102 vulgata
514 2043 521 2082 ε
545 2025 611 2102 quis
626 2032 676 2083 aut
689 2024 863 2100 Eurysthea
875 2023 991 2095 durum,

174 2117 235 2176 Aut
251 2116 386 2175 illaudati
401 2118 496 2206 npseit
508 2118 656 2176 Busiridis
671 2137 740 2176 ares
756 2118 768 2174 i
1142 2117 1163 2174 5

175 2208 235 2271 Cui
249 2229 309 2269 uon
322 2209 420 2269 dictus
433 2210 534 2288 Hyles
547 2231 632 2288 puer,
648 2219 678 2268 et
691 2209 822 2270 Latonia
833 2211 940 2283 Delos,

175 2302 436 2382 Hippodameque,
450 2300 636 2380 humeroque
650 2304 759 2383 Pelops
777 2304 902 2382 insignis
916 2304 1041 2375 eburno,

176 2397 257 2456 Acer
270 2397 357 2474 equis
373 2396 384 2453 ἲ
425 2396 585 2455 Tentanda
599 2397 648 2454 via
661 2405 719 2468 est,
736 2395 797 2471 quai
809 2416 856 2454 me
871 2414 989 2472 quoque
1003 2395 1115 2474 possim

175 2491 295 2549 Tollere
309 2491 411 2561 humo,
428 2490 582 2565 victorque
597 2486 692 2547 virium
706 2490 832 2547 volitare
847 2507 976 2566 perora.

175 2582 293 2642 Primus
306 2602 364 2661 ego
380 2584 410 2641 in
424 2583 551 2660 patriam
565 2601 691 2653 meeum,
706 2580 793 2640 modu
809 2581 868 2640 vite
882 2581 1021 2659 supersit,
1129 2584 1163 2640 10

175 2676 273 2735 Aonio
286 2676 406 2734 rediens
420 2673 566 2733 deducam
580 2674 694 2733 vertice
708 2675 835 2733 Musas:

175 2767 292 2827 Primus
306 2768 455 2827 Idumaeas
468 2767 595 2826 reseram
609 2768 673 2839 tibi,
688 2767 824 2840 Mantua,
841 2769 955 2847 palmas
969 2786 976 2838 ;

174 2866 215 2925 Et
229 2865 315 2924 viridi
330 2865 360 2923 iu
375 2884 479 2942 eampo
492 2865 633 2942 templum
647 2864 684 2922 de
698 2883 844 2922 marmore
859 2882 967 2942 ponam

175 2958 302 3036 Propter
315 2977 435 3034 aquarn,
448 2957 542 3015 tardis
556 2958 662 3036 ingens
676 2958 726 3015 ubi
743 2958 869 3016 flexibus
883 2965 964 3017 erret

175 3049 319 3123 Mincius,
336 3060 366 3108 et
379 3049 486 3109 teneri
499 3051 634 3128 praetexit
649 3052 792 3110 arundine
807 3052 896 3129 ripas.
1127 3054 1162 3111 15

175 3142 209 3203 In
227 3144 325 3202 medio
339 3143 409 3201 mihi
424 3144 531 3204 Caesar
545 3144 611 3216 erit,
626 3145 826 3222 templumque
840 3144 962 3204 tenebit.

175 3236 221 3295 Illi
234 3238 330 3296 vietor
343 3255 412 3314 ego,
428 3247 457 3296 et
472 3235 566 3315 Tyrio
580 3246 760 3314 conspectus
773 3238 803 3295 in
817 3247 909 3309 ostro,

176 3329 307 3390 Centum
322 3330 513 3408 quadrijugos
527 3331 648 3408 agituho
663 3330 700 3388 ad
714 3330 836 3388 flumina
849 3350 965 3390 currus.

176 3422 295 3483 Cuncta
308 3425 389 3496 mihi,
404 3424 554 3501 Alpheum
567 3423 706 3500 linquens
719 3423 864 3497 lucosque
878 3422 1036 3504 Molorohi,

176 3516 324 3577 Cursibus
339 3527 368 3575 et
382 3516 475 3575 crudo
490 3516 632 3574 decernet
647 3515 769 3573 Graecia
783 3523 886 3574 caestu.
1122 3518 1162 3576 20
1251 3530 1254 3539 “

175 3608 255 3689 Ipse,
273 3622 361 3688 caput
380 3620 475 3668 tonsae
490 3608 568 3666 foliis
582 3616 704 3665 ornatus
721 3608 819 3679 olirae,

175 3703 264 3762 Dona
277 3705 380 3762 feram.
422 3702 443 3760 J
445 3722 492 3760 am
506 3720 586 3760 nuuc
600 3701 749 3760 solemnes
763 3701 874 3762 ducere
890 3722 1012 3783 pompus

175 3797 222 3855 Ad
236 3797 361 3856 delubra
378 3798 475 3873 juvet,
491 3814 647 3869 caesosque
661 3795 763 3855 videre
780 3796 950 3873 juvencos:

175 3888 231 3949 Vel
250 3910 343 3949 scena
358 3899 389 3949 ut
402 3890 498 3949 uersis
512 3888 646 3947 discedat
660 3889 817 3963 frontibus,
832 3900 931 3968 utque

175 3982 332 4061 Purpurea
346 3984 450 4041 intexti
467 3983 572 4040 tollant
587 3982 684 4040 aalma
698 3980 844 4044 Britanni.
1122 3989 1161 4045 25

176 4073 210 4134 In
226 4077 339 4135 foribus
354 4095 484 4154 pugnam
497 4094 535 4134 ex
548 4094 622 4133 auro
637 4074 791 4152 solidoque
805 4074 964 4155 elephanto

176 4167 382 4248 Gangaridum
395 4170 514 4240 seciam,
530 4168 711 4245 victorisque
727 4189 809 4228 arma
823 4169 941 4243 Quirini
956 4191 964 4243 ;
1031 4210 1033 4214 ·

176 4261 274 4350 Atque
288 4262 339 4321 hio
352 4263 513 4321 undantem
527 4262 605 4320 bello
619 4263 820 4341 magnumque
834 4264 975 4326 fluentem

176 4354 286 4429 Nilum,
303 4376 340 4415 ao
355 4357 454 4415 navali
473 4362 631 4435 surgentes
646 4377 706 4416 aare
720 4359 882 4420 columnas.

176 4449 291 4516 Addam
305 4451 396 4508 urbes
408 4450 490 4509 Asiae
504 4449 640 4521 domitas,
656 4452 832 4529 pulsumque
846 4453 1008 4532 Niphaten,
1121 4458 1161 4515 ³0

176 4540 392 4620 Fidentemque
406 4542 480 4622 fugai
494 4543 639 4604 Parthum
652 4546 808 4624 versisque
822 4547 949 4625 sagittis,

489 4640 507 4695 6
