<?xml version="1.0" encoding="UTF-8"?>
<!DOCTYPE html PUBLIC "-//W3C//DTD XHTML 1.0 Transitional//EN"
    "http://www.w3.org/TR/xhtml1/DTD/xhtml1-transitional.dtd">
<html xmlns="http://www.w3.org/1999/xhtml" xml:lang="en" lang="en">
 <head>
  <title>
</title>
<meta http-equiv="Content-Type" content="text/html;charset=utf-8" />
  <meta name='ocr-system' content='tesseract 3.04.00' />
  <meta name='ocr-capabilities' content='ocr_page ocr_carea ocr_par ocr_line ocrx_word'/>
</head>
<body>
  <div class='ocr_page' id='page_1' title='image "./pvirgiliimaroni00bowegoog/pvirgiliimaroni00bowegoog_0306.png"; bbox 0 0 2692 5122; ppageno 0'>
   <div class='ocr_carea' id='block_1_1' title="bbox 510 830 836 879">
    <p class='ocr_par' dir='ltr' id='par_1_1' title="bbox 510 830 836 879">
     <span class='ocr_line' id='line_1_1' title="bbox 510 830 836 879; baseline 0.003 -2"><span class='ocrx_word' id='word_1_1' title='bbox 510 830 685 879; x_wconf 78' lang='lat' dir='ltr'><strong>AENEIDOS</strong></span> <span class='ocrx_word' id='word_1_2' title='bbox 704 831 774 878; x_wconf 76' lang='grc' dir='ltr'><strong>ΗΒ.</strong></span> <span class='ocrx_word' id='word_1_3' title='bbox 789 831 836 878; x_wconf 77' lang='lat' dir='ltr'><strong>xl.</strong></span> 
     </span>
    </p>
   </div>
   <div class='ocr_carea' id='block_1_2' title="bbox 80 968 1166 4687">
    <p class='ocr_par' dir='ltr' id='par_1_2' title="bbox 174 968 890 1050">
     <span class='ocr_line' id='line_1_2' title="bbox 174 968 890 1050; baseline -0.008 -18"><span class='ocrx_word' id='word_1_4' title='bbox 174 971 316 1050; x_wconf 83' lang='lat' dir='ltr'>Armiger</span> <span class='ocrx_word' id='word_1_5' title='bbox 329 969 397 1028; x_wconf 75' lang='lat' dir='ltr'><strong>autb</strong></span> <span class='ocrx_word' id='word_1_6' title='bbox 412 970 464 1029; x_wconf 86' lang='lat' dir='ltr'><strong>suit</strong></span> <span class='ocrx_word' id='word_1_7' title='bbox 480 990 487 1038; x_wconf 90' lang='lat'>;</span> <span class='ocrx_word' id='word_1_8' title='bbox 512 970 564 1027; x_wconf 89' lang='lat' dir='ltr'><strong>sed</strong></span> <span class='ocrx_word' id='word_1_9' title='bbox 579 990 637 1027; x_wconf 90' lang='lat' dir='ltr'><strong>uon</strong></span> <span class='ocrx_word' id='word_1_10' title='bbox 652 970 788 1027; x_wconf 89' lang='lat' dir='ltr'><strong>felicibus</strong></span> <span class='ocrx_word' id='word_1_11' title='bbox 806 968 890 1045; x_wconf 75' lang='lat' dir='ltr'><strong>aequb</strong></span> 
     </span>
    </p>

    <p class='ocr_par' dir='ltr' id='par_1_3' title="bbox 174 1063 930 1140">
     <span class='ocr_line' id='line_1_3' title="bbox 174 1063 930 1140; baseline -0.004 -16"><span class='ocrx_word' id='word_1_12' title='bbox 174 1065 252 1125; x_wconf 88' lang='lat' dir='ltr'><strong>Tum</strong></span> <span class='ocrx_word' id='word_1_13' title='bbox 266 1083 366 1122; x_wconf 89' lang='lat' dir='ltr'><strong>comes</strong></span> <span class='ocrx_word' id='word_1_14' title='bbox 382 1064 521 1140; x_wconf 82' lang='lat' dir='ltr'>auspiciis</span> <span class='ocrx_word' id='word_1_15' title='bbox 535 1083 607 1121; x_wconf 89' lang='lat' dir='ltr'><strong>caro</strong></span> <span class='ocrx_word' id='word_1_16' title='bbox 622 1063 708 1120; x_wconf 88' lang='lat' dir='ltr'><strong>datus</strong></span> <span class='ocrx_word' id='word_1_17' title='bbox 723 1065 784 1120; x_wconf 89' lang='lat' dir='ltr'><strong>ibat</strong></span> <span class='ocrx_word' id='word_1_18' title='bbox 802 1064 930 1121; x_wconf 86' lang='lat' dir='ltr'><strong>alumno.</strong></span> 
     </span>
    </p>

    <p class='ocr_par' dir='ltr' id='par_1_4' title="bbox 175 1155 1080 1233">
     <span class='ocr_line' id='line_1_4' title="bbox 175 1155 1080 1233; baseline -0.003 -15"><span class='ocrx_word' id='word_1_19' title='bbox 175 1158 298 1219; x_wconf 74' lang='lat' dir='ltr'><strong>Circium</strong></span> <span class='ocrx_word' id='word_1_20' title='bbox 312 1178 414 1215; x_wconf 90' lang='lat' dir='ltr'><strong>omnes</strong></span> <span class='ocrx_word' id='word_1_21' title='bbox 428 1155 628 1233; x_wconf 81' lang='lat' dir='ltr'><strong>samultimque</strong></span> <span class='ocrx_word' id='word_1_22' title='bbox 643 1177 759 1228; x_wconf 88' lang='lat' dir='ltr'><strong>manus,</strong></span> <span class='ocrx_word' id='word_1_23' title='bbox 775 1157 967 1233; x_wconf 86' lang='lat' dir='ltr'><strong>Trojanaque</strong></span> <span class='ocrx_word' id='word_1_24' title='bbox 981 1158 1080 1229; x_wconf 90' lang='lat' dir='ltr'><strong>turba,</strong></span> 
     </span>
    </p>

    <p class='ocr_par' dir='ltr' id='par_1_5' title="bbox 176 1244 894 1311">
     <span class='ocr_line' id='line_1_5' title="bbox 176 1244 894 1311; baseline 0 -1"><span class='ocrx_word' id='word_1_25' title='bbox 176 1252 216 1311; x_wconf 87' lang='lat' dir='ltr'><strong>Et</strong></span> <span class='ocrx_word' id='word_1_26' title='bbox 229 1260 367 1309; x_wconf 88' lang='lat' dir='ltr'><strong>moestum</strong></span> <span class='ocrx_word' id='word_1_27' title='bbox 383 1250 491 1308; x_wconf 89' lang='lat' dir='ltr'><strong>lliades</strong></span> <span class='ocrx_word' id='word_1_28' title='bbox 506 1252 619 1308; x_wconf 87' lang='lat' dir='ltr'><strong>crinem</strong></span> <span class='ocrx_word' id='word_1_29' title='bbox 633 1250 669 1307; x_wconf 93' lang='lat' dir='ltr'><strong>de</strong></span> <span class='ocrx_word' id='word_1_30' title='bbox 685 1270 766 1308; x_wconf 90' lang='lat' dir='ltr'><strong>more</strong></span> <span class='ocrx_word' id='word_1_31' title='bbox 781 1244 894 1310; x_wconf 84' lang='lat' dir='ltr'><strong>solutae.</strong></span> 
     </span>
    </p>

    <p class='ocr_par' dir='ltr' id='par_1_6' title="bbox 176 1346 850 1417">
     <span class='ocr_line' id='line_1_6' title="bbox 176 1346 850 1417; baseline -0.006 -11"><span class='ocrx_word' id='word_1_32' title='bbox 176 1347 215 1406; x_wconf 91' lang='lat' dir='ltr'><strong>Ut</strong></span> <span class='ocrx_word' id='word_1_33' title='bbox 231 1347 302 1404; x_wconf 81' lang='lat' dir='ltr'><strong>verb</strong></span> <span class='ocrx_word' id='word_1_34' title='bbox 318 1347 437 1404; x_wconf 87' lang='lat' dir='ltr'><strong>AEneas</strong></span> <span class='ocrx_word' id='word_1_35' title='bbox 452 1346 564 1403; x_wconf 88' lang='lat' dir='ltr'><strong>foribus</strong></span> <span class='ocrx_word' id='word_1_36' title='bbox 579 1365 646 1403; x_wconf 90' lang='lat' dir='ltr'><strong>sese</strong></span> <span class='ocrx_word' id='word_1_37' title='bbox 661 1346 757 1403; x_wconf 90' lang='lat' dir='ltr'><strong>intulit</strong></span> <span class='ocrx_word' id='word_1_38' title='bbox 773 1347 850 1417; x_wconf 89' lang='lat' dir='ltr'><strong>altis,</strong></span> 
     </span>
    </p>

    <p class='ocr_par' dir='ltr' id='par_1_7' title="bbox 176 1439 880 1519">
     <span class='ocr_line' id='line_1_7' title="bbox 176 1439 880 1519; baseline -0.003 -20"><span class='ocrx_word' id='word_1_39' title='bbox 176 1441 331 1519; x_wconf 84' lang='lat' dir='ltr'><strong>Ingentem</strong></span> <span class='ocrx_word' id='word_1_40' title='bbox 345 1440 486 1516; x_wconf 85' lang='lat' dir='ltr'><strong>gemitum</strong></span> <span class='ocrx_word' id='word_1_41' title='bbox 500 1441 594 1496; x_wconf 88' lang='lat' dir='ltr'><strong>tunsis</strong></span> <span class='ocrx_word' id='word_1_42' title='bbox 609 1439 646 1496; x_wconf 90' lang='lat' dir='ltr'><strong>ad</strong></span> <span class='ocrx_word' id='word_1_43' title='bbox 661 1439 762 1496; x_wconf 86' lang='lat' dir='ltr'><strong>sidera</strong></span> <span class='ocrx_word' id='word_1_44' title='bbox 774 1441 880 1497; x_wconf 93' lang='lat' dir='ltr'><strong>tollunt</strong></span> 
     </span>
    </p>

    <p class='ocr_par' dir='ltr' id='par_1_8' title="bbox 175 1522 897 1609">
     <span class='ocr_line' id='line_1_8' title="bbox 175 1522 897 1609; baseline -0.003 -16"><span class='ocrx_word' id='word_1_45' title='bbox 175 1534 362 1604; x_wconf 83' lang='lat' dir='ltr'>Pectoribus,</span> <span class='ocrx_word' id='word_1_46' title='bbox 379 1542 544 1609; x_wconf 89' lang='lat' dir='ltr'><strong>moestoque</strong></span> <span class='ocrx_word' id='word_1_47' title='bbox 560 1533 693 1609; x_wconf 77' lang='lat' dir='ltr'><strong>immugit</strong></span> <span class='ocrx_word' id='word_1_48' title='bbox 707 1533 792 1609; x_wconf 88' lang='lat' dir='ltr'><strong>regia</strong></span> <span class='ocrx_word' id='word_1_49' title='bbox 806 1522 897 1591; x_wconf 81' lang='lat' dir='ltr'><strong>ldctu.</strong></span> 
     </span>
    </p>

    <p class='ocr_par' dir='ltr' id='par_1_9' title="bbox 176 1625 848 1703">
     <span class='ocr_line' id='line_1_9' title="bbox 176 1625 848 1703; baseline -0.003 -19"><span class='ocrx_word' id='word_1_50' title='bbox 176 1626 253 1703; x_wconf 89' lang='lat' dir='ltr'><strong>lpse,</strong></span> <span class='ocrx_word' id='word_1_51' title='bbox 271 1635 359 1703; x_wconf 88' lang='lat' dir='ltr'><strong>caput</strong></span> <span class='ocrx_word' id='word_1_52' title='bbox 375 1627 453 1683; x_wconf 90' lang='lat' dir='ltr'><strong>nivei</strong></span> <span class='ocrx_word' id='word_1_53' title='bbox 469 1626 573 1682; x_wconf 89' lang='lat' dir='ltr'><strong>fultum</strong></span> <span class='ocrx_word' id='word_1_54' title='bbox 586 1625 731 1683; x_wconf 87' lang='lat' dir='ltr'><strong>Pallantis</strong></span> <span class='ocrx_word' id='word_1_55' title='bbox 751 1634 780 1682; x_wconf 91' lang='lat' dir='ltr'><strong>et</strong></span> <span class='ocrx_word' id='word_1_56' title='bbox 794 1645 848 1682; x_wconf 87' lang='lat' dir='ltr'><strong>ora</strong></span> 
     </span>
    </p>

    <p class='ocr_par' dir='ltr' id='par_1_10' title="bbox 175 1719 866 1795">
     <span class='ocr_line' id='line_1_10' title="bbox 175 1719 866 1795; baseline -0.004 -18"><span class='ocrx_word' id='word_1_57' title='bbox 175 1719 212 1779; x_wconf 88' lang='lat' dir='ltr'><strong>Ut</strong></span> <span class='ocrx_word' id='word_1_58' title='bbox 228 1720 309 1790; x_wconf 87' lang='lat' dir='ltr'><strong>vidit,</strong></span> <span class='ocrx_word' id='word_1_59' title='bbox 326 1720 443 1794; x_wconf 83' lang='lat' dir='ltr'><strong>levique</strong></span> <span class='ocrx_word' id='word_1_60' title='bbox 461 1728 564 1795; x_wconf 90' lang='lat' dir='ltr'><strong>patens</strong></span> <span class='ocrx_word' id='word_1_61' title='bbox 578 1720 607 1775; x_wconf 91' lang='lat' dir='ltr'><strong>iu</strong></span> <span class='ocrx_word' id='word_1_62' title='bbox 624 1729 743 1794; x_wconf 82' lang='lat' dir='ltr'><strong>pectore</strong></span> <span class='ocrx_word' id='word_1_63' title='bbox 759 1719 866 1775; x_wconf 83' lang='lat' dir='ltr'><strong>vulnus</strong></span> 
     </span>
    </p>

    <p class='ocr_par' dir='ltr' id='par_1_11' title="bbox 175 1811 1041 1983">
     <span class='ocr_line' id='line_1_11' title="bbox 175 1811 936 1890; baseline -0.005 -18"><span class='ocrx_word' id='word_1_64' title='bbox 175 1812 317 1890; x_wconf 86' lang='lat' dir='ltr'><strong>Cuspidis</strong></span> <span class='ocrx_word' id='word_1_65' title='bbox 331 1813 484 1881; x_wconf 81' lang='lat' dir='ltr'><strong>Ausoniae,</strong></span> <span class='ocrx_word' id='word_1_66' title='bbox 501 1811 641 1887; x_wconf 86' lang='lat' dir='ltr'><strong>lacrymis</strong></span> <span class='ocrx_word' id='word_1_67' title='bbox 656 1812 696 1868; x_wconf 89' lang='lat' dir='ltr'><strong>ita</strong></span> <span class='ocrx_word' id='word_1_68' title='bbox 711 1811 789 1868; x_wconf 89' lang='lat' dir='ltr'><strong>satur</strong></span> <span class='ocrx_word' id='word_1_69' title='bbox 802 1811 913 1869; x_wconf 86' lang='lat' dir='ltr'><strong>obortis</strong></span> <span class='ocrx_word' id='word_1_70' title='bbox 929 1830 936 1868; x_wconf 74' lang='grc' dir='ltr'><strong><em>ε</em></strong></span> 
     </span>
     <span class='ocr_line' id='line_1_12' title="bbox 211 1905 1041 1983; baseline -0.001 -18"><span class='ocrx_word' id='word_1_71' title='bbox 211 1908 307 1977; x_wconf 89' lang='lat' dir='ltr'><strong>Tene,</strong></span> <span class='ocrx_word' id='word_1_72' title='bbox 325 1907 429 1982; x_wconf 93' lang='lat' dir='ltr'><strong>inquit,</strong></span> <span class='ocrx_word' id='word_1_73' title='bbox 446 1906 612 1963; x_wconf 81' lang='lat' dir='ltr'><strong>miserande</strong></span> <span class='ocrx_word' id='word_1_74' title='bbox 628 1926 712 1983; x_wconf 91' lang='lat' dir='ltr'><strong>puer,</strong></span> <span class='ocrx_word' id='word_1_75' title='bbox 730 1925 820 1981; x_wconf 91' lang='lat' dir='ltr'><strong>quum</strong></span> <span class='ocrx_word' id='word_1_76' title='bbox 834 1907 902 1964; x_wconf 86' lang='lat' dir='ltr'><strong>laeta</strong></span> <span class='ocrx_word' id='word_1_77' title='bbox 917 1905 1041 1978; x_wconf 86' lang='lat' dir='ltr'><strong>veniret,</strong></span> 
     </span>
    </p>

    <p class='ocr_par' dir='ltr' id='par_1_12' title="bbox 174 1999 822 2076">
     <span class='ocr_line' id='line_1_13' title="bbox 174 1999 822 2076; baseline -0.006 -17"><span class='ocrx_word' id='word_1_78' title='bbox 174 2000 280 2060; x_wconf 84' lang='lat' dir='ltr'><strong>Invidit</strong></span> <span class='ocrx_word' id='word_1_79' title='bbox 295 2001 430 2058; x_wconf 84' lang='lat' dir='ltr'><strong>Fortuna</strong></span> <span class='ocrx_word' id='word_1_80' title='bbox 443 2000 523 2068; x_wconf 90' lang='lat' dir='ltr'><strong>mihi,</strong></span> <span class='ocrx_word' id='word_1_81' title='bbox 543 2019 580 2056; x_wconf 92' lang='lat' dir='ltr'><strong>ne</strong></span> <span class='ocrx_word' id='word_1_82' title='bbox 594 2019 688 2076; x_wconf 90' lang='lat' dir='ltr'><strong>regna</strong></span> <span class='ocrx_word' id='word_1_83' title='bbox 706 1999 822 2056; x_wconf 89' lang='lat' dir='ltr'><strong>videres</strong></span> 
     </span>
    </p>

    <p class='ocr_par' dir='ltr' id='par_1_13' title="bbox 174 2092 1014 2169">
     <span class='ocr_line' id='line_1_14' title="bbox 174 2092 1014 2169; baseline -0.005 -17"><span class='ocrx_word' id='word_1_84' title='bbox 174 2094 295 2164; x_wconf 88' lang='lat' dir='ltr'><strong>Nostra,</strong></span> <span class='ocrx_word' id='word_1_85' title='bbox 313 2112 409 2168; x_wconf 91' lang='lat' dir='ltr'><strong>neque</strong></span> <span class='ocrx_word' id='word_1_86' title='bbox 425 2092 462 2149; x_wconf 90' lang='lat' dir='ltr'><strong>ad</strong></span> <span class='ocrx_word' id='word_1_87' title='bbox 477 2092 564 2149; x_wconf 86' lang='lat' dir='ltr'><strong>sedes</strong></span> <span class='ocrx_word' id='word_1_88' title='bbox 580 2093 673 2149; x_wconf 86' lang='lat' dir='ltr'><strong>victor</strong></span> <span class='ocrx_word' id='word_1_89' title='bbox 688 2093 831 2149; x_wconf 87' lang='lat' dir='ltr'><strong>veherere</strong></span> <span class='ocrx_word' id='word_1_90' title='bbox 848 2100 987 2169; x_wconf 83' lang='lat' dir='ltr'><strong>paternas</strong></span> <span class='ocrx_word' id='word_1_91' title='bbox 1003 2092 1014 2148; x_wconf 89' lang='lat'><strong>?</strong></span> 
     </span>
    </p>

    <p class='ocr_par' dir='ltr' id='par_1_14' title="bbox 174 2185 864 2262">
     <span class='ocr_line' id='line_1_15' title="bbox 174 2185 864 2262; baseline -0.004 -17"><span class='ocrx_word' id='word_1_92' title='bbox 174 2188 240 2246; x_wconf 87' lang='lat' dir='ltr'><strong>Non</strong></span> <span class='ocrx_word' id='word_1_93' title='bbox 256 2188 321 2244; x_wconf 85' lang='lat' dir='ltr'><strong>haec</strong></span> <span class='ocrx_word' id='word_1_94' title='bbox 335 2186 477 2243; x_wconf 86' lang='lat' dir='ltr'><strong>Evandro</strong></span> <span class='ocrx_word' id='word_1_95' title='bbox 492 2186 529 2242; x_wconf 92' lang='lat' dir='ltr'><strong>de</strong></span> <span class='ocrx_word' id='word_1_96' title='bbox 544 2194 573 2242; x_wconf 91' lang='lat' dir='ltr'><strong>te</strong></span> <span class='ocrx_word' id='word_1_97' title='bbox 589 2185 732 2262; x_wconf 90' lang='lat' dir='ltr'><strong>promissa</strong></span> <span class='ocrx_word' id='word_1_98' title='bbox 749 2186 864 2262; x_wconf 91' lang='lat' dir='ltr'><strong>parenti</strong></span> 
     </span>
    </p>

    <p class='ocr_par' dir='ltr' id='par_1_15' title="bbox 173 2279 998 2355">
     <span class='ocr_line' id='line_1_16' title="bbox 173 2279 998 2355; baseline -0.001 -17"><span class='ocrx_word' id='word_1_99' title='bbox 173 2280 342 2339; x_wconf 81' lang='lat' dir='ltr'><strong>Discedens</strong></span> <span class='ocrx_word' id='word_1_100' title='bbox 357 2279 508 2348; x_wconf 78' lang='lat' dir='ltr'><strong>dederam,</strong></span> <span class='ocrx_word' id='word_1_101' title='bbox 527 2298 616 2353; x_wconf 88' lang='lat' dir='ltr'><strong>quum</strong></span> <span class='ocrx_word' id='word_1_102' title='bbox 631 2298 676 2335; x_wconf 94' lang='lat' dir='ltr'><strong>me</strong></span> <span class='ocrx_word' id='word_1_103' title='bbox 692 2279 863 2355; x_wconf 77' lang='lat' dir='ltr'><strong>complexus</strong></span> <span class='ocrx_word' id='word_1_104' title='bbox 878 2288 998 2338; x_wconf 90' lang='lat' dir='ltr'><strong>euntem</strong></span> 
     </span>
    </p>

    <p class='ocr_par' dir='ltr' id='par_1_16' title="bbox 175 2371 1043 2450">
     <span class='ocr_line' id='line_1_17' title="bbox 175 2371 1043 2450; baseline -0.002 -18"><span class='ocrx_word' id='word_1_105' title='bbox 175 2371 307 2432; x_wconf 86' lang='lat' dir='ltr'><strong>Mitteret</strong></span> <span class='ocrx_word' id='word_1_106' title='bbox 322 2374 352 2431; x_wconf 91' lang='lat' dir='ltr'><strong>in</strong></span> <span class='ocrx_word' id='word_1_107' title='bbox 366 2392 506 2450; x_wconf 89' lang='lat' dir='ltr'><strong>magnum</strong></span> <span class='ocrx_word' id='word_1_108' title='bbox 521 2373 684 2448; x_wconf 86' lang='lat' dir='ltr'><strong>imperium,</strong></span> <span class='ocrx_word' id='word_1_109' title='bbox 701 2381 895 2447; x_wconf 87' lang='lat' dir='ltr'><strong>metuensque</strong></span> <span class='ocrx_word' id='word_1_110' title='bbox 910 2380 1043 2430; x_wconf 89' lang='lat' dir='ltr'><strong>moueret</strong></span> 
     </span>
    </p>

    <p class='ocr_par' dir='ltr' id='par_1_17' title="bbox 174 2463 866 2541">
     <span class='ocr_line' id='line_1_18' title="bbox 174 2463 866 2541; baseline -0.004 -16"><span class='ocrx_word' id='word_1_111' title='bbox 174 2465 272 2525; x_wconf 86' lang='lat' dir='ltr'><strong>Acres</strong></span> <span class='ocrx_word' id='word_1_112' title='bbox 286 2486 352 2524; x_wconf 91' lang='lat' dir='ltr'><strong>esse</strong></span> <span class='ocrx_word' id='word_1_113' title='bbox 369 2467 457 2535; x_wconf 84' lang='lat' dir='ltr'><strong>viros,</strong></span> <span class='ocrx_word' id='word_1_114' title='bbox 475 2484 542 2522; x_wconf 92' lang='lat' dir='ltr'><strong>cum</strong></span> <span class='ocrx_word' id='word_1_115' title='bbox 557 2463 633 2521; x_wconf 66' lang='lat' dir='ltr'><strong>duria</strong></span> <span class='ocrx_word' id='word_1_116' title='bbox 648 2465 753 2540; x_wconf 87' lang='lat' dir='ltr'><strong>proelia</strong></span> <span class='ocrx_word' id='word_1_117' title='bbox 767 2476 866 2541; x_wconf 82' lang='lat' dir='ltr'><strong>gente.</strong></span> 
     </span>
    </p>

    <p class='ocr_par' dir='ltr' id='par_1_18' title="bbox 175 2557 947 2634">
     <span class='ocr_line' id='line_1_19' title="bbox 175 2557 947 2634; baseline -0.004 -16"><span class='ocrx_word' id='word_1_118' title='bbox 175 2560 213 2618; x_wconf 88' lang='lat' dir='ltr'><strong>Et</strong></span> <span class='ocrx_word' id='word_1_119' title='bbox 228 2558 307 2617; x_wconf 79' lang='lat' dir='ltr'><strong>nu&#39;nc</strong></span> <span class='ocrx_word' id='word_1_120' title='bbox 322 2558 515 2634; x_wconf 89' lang='lat' dir='ltr'><strong>illequidem,</strong></span> <span class='ocrx_word' id='word_1_121' title='bbox 533 2577 585 2633; x_wconf 90' lang='lat' dir='ltr'><strong>spe</strong></span> <span class='ocrx_word' id='word_1_122' title='bbox 600 2558 720 2614; x_wconf 76' lang='lat' dir='ltr'><strong>multllm</strong></span> <span class='ocrx_word' id='word_1_123' title='bbox 736 2566 841 2633; x_wconf 90' lang='lat' dir='ltr'><strong>captus</strong></span> <span class='ocrx_word' id='word_1_124' title='bbox 856 2557 947 2628; x_wconf 86' lang='lat' dir='ltr'><strong>inani,</strong></span> 
     </span>
    </p>

    <p class='ocr_par' dir='ltr' id='par_1_19' title="bbox 174 2650 923 2725">
     <span class='ocr_line' id='line_1_20' title="bbox 174 2650 923 2725; baseline -0.007 -14"><span class='ocrx_word' id='word_1_125' title='bbox 174 2652 250 2711; x_wconf 86' lang='lat' dir='ltr'><strong>Fors</strong></span> <span class='ocrx_word' id='word_1_126' title='bbox 265 2662 294 2710; x_wconf 89' lang='lat' dir='ltr'><strong>et</strong></span> <span class='ocrx_word' id='word_1_127' title='bbox 310 2661 378 2709; x_wconf 86' lang='lat' dir='ltr'><strong>vota</strong></span> <span class='ocrx_word' id='word_1_128' title='bbox 392 2651 473 2719; x_wconf 86' lang='lat' dir='ltr'><strong>facit,</strong></span> <span class='ocrx_word' id='word_1_129' title='bbox 491 2651 682 2725; x_wconf 89' lang='lat' dir='ltr'><strong>cumulatque</strong></span> <span class='ocrx_word' id='word_1_130' title='bbox 697 2651 802 2706; x_wconf 85' lang='lat' dir='ltr'><strong>altaria</strong></span> <span class='ocrx_word' id='word_1_131' title='bbox 817 2650 901 2707; x_wconf 84' lang='lat' dir='ltr'><strong>donis</strong></span> <span class='ocrx_word' id='word_1_132' title='bbox 915 2669 923 2719; x_wconf 93' lang='lat'>;</span> 
     </span>
    </p>

    <p class='ocr_par' dir='ltr' id='par_1_20' title="bbox 175 2743 1024 2822">
     <span class='ocr_line' id='line_1_21' title="bbox 175 2743 1024 2822; baseline -0.004 -18"><span class='ocrx_word' id='word_1_133' title='bbox 175 2746 237 2805; x_wconf 88' lang='lat' dir='ltr'><strong>Nos</strong></span> <span class='ocrx_word' id='word_1_134' title='bbox 247 2747 389 2822; x_wconf 84' lang='lat' dir='ltr'><strong>juvenem</strong></span> <span class='ocrx_word' id='word_1_135' title='bbox 402 2744 582 2813; x_wconf 88' lang='lat' dir='ltr'><strong>exanimum,</strong></span> <span class='ocrx_word' id='word_1_136' title='bbox 598 2752 627 2800; x_wconf 93' lang='lat' dir='ltr'><strong>et</strong></span> <span class='ocrx_word' id='word_1_137' title='bbox 643 2743 682 2800; x_wconf 92' lang='lat' dir='ltr'><strong>nil</strong></span> <span class='ocrx_word' id='word_1_138' title='bbox 693 2743 754 2818; x_wconf 90' lang='lat' dir='ltr'><strong>jam</strong></span> <span class='ocrx_word' id='word_1_139' title='bbox 770 2744 942 2801; x_wconf 84' lang='lat' dir='ltr'><strong>coelestibus</strong></span> <span class='ocrx_word' id='word_1_140' title='bbox 956 2743 1024 2802; x_wconf 84' lang='lat' dir='ltr'><strong>ullis</strong></span> 
     </span>
    </p>

    <p class='ocr_par' dir='ltr' id='par_1_21' title="bbox 175 2837 991 2908">
     <span class='ocr_line' id='line_1_22' title="bbox 175 2837 991 2908; baseline 0.001 -11"><span class='ocrx_word' id='word_1_141' title='bbox 175 2837 353 2908; x_wconf 91' lang='lat' dir='ltr'><strong>Debentem,</strong></span> <span class='ocrx_word' id='word_1_142' title='bbox 371 2857 447 2894; x_wconf 88' lang='lat' dir='ltr'><strong>vano</strong></span> <span class='ocrx_word' id='word_1_143' title='bbox 463 2837 559 2894; x_wconf 88' lang='lat' dir='ltr'><strong>moesti</strong></span> <span class='ocrx_word' id='word_1_144' title='bbox 574 2837 750 2893; x_wconf 88' lang='lat' dir='ltr'><strong>comitamur</strong></span> <span class='ocrx_word' id='word_1_145' title='bbox 763 2838 885 2895; x_wconf 89' lang='lat' dir='ltr'><strong>honore.</strong></span> <span class='ocrx_word' id='word_1_146' title='bbox 987 2890 991 2898; x_wconf 93' lang='lat'><strong>.</strong></span> 
     </span>
    </p>

    <p class='ocr_par' dir='ltr' id='par_1_22' title="bbox 80 2929 754 3002">
     <span class='ocr_line' id='line_1_23' title="bbox 80 2929 754 3002; baseline -0.009 -11"><span class='ocrx_word' id='word_1_147' title='bbox 80 2948 83 2955; x_wconf 87' lang='lat'>&#39;</span> <span class='ocrx_word' id='word_1_148' title='bbox 176 2931 290 3002; x_wconf 81' lang='lat' dir='ltr'><strong>Infelix,</strong></span> <span class='ocrx_word' id='word_1_149' title='bbox 306 2932 367 2989; x_wconf 89' lang='lat' dir='ltr'><strong>nati</strong></span> <span class='ocrx_word' id='word_1_150' title='bbox 381 2931 468 2988; x_wconf 89' lang='lat' dir='ltr'><strong>funus</strong></span> <span class='ocrx_word' id='word_1_151' title='bbox 484 2930 606 2986; x_wconf 89' lang='lat' dir='ltr'><strong>crudele</strong></span> <span class='ocrx_word' id='word_1_152' title='bbox 622 2929 754 2986; x_wconf 90' lang='lat' dir='ltr'><strong>videbis!</strong></span> 
     </span>
    </p>

    <p class='ocr_par' dir='ltr' id='par_1_23' title="bbox 176 3023 875 3102">
     <span class='ocr_line' id='line_1_24' title="bbox 176 3023 875 3102; baseline -0.001 -19"><span class='ocrx_word' id='word_1_153' title='bbox 176 3025 217 3083; x_wconf 89' lang='lat' dir='ltr'><strong>Hi</strong></span> <span class='ocrx_word' id='word_1_154' title='bbox 232 3025 324 3082; x_wconf 87' lang='lat' dir='ltr'><strong>nostri</strong></span> <span class='ocrx_word' id='word_1_155' title='bbox 341 3023 464 3092; x_wconf 90' lang='lat' dir='ltr'><strong>reditus,</strong></span> <span class='ocrx_word' id='word_1_156' title='bbox 478 3023 701 3099; x_wconf 88' lang='lat' dir='ltr'><strong>exspectatique</strong></span> <span class='ocrx_word' id='word_1_157' title='bbox 715 3025 853 3102; x_wconf 91' lang='lat' dir='ltr'><strong>triumphi</strong></span> <span class='ocrx_word' id='word_1_158' title='bbox 868 3029 875 3082; x_wconf 92' lang='lat'>!</span> 
     </span>
    </p>

    <p class='ocr_par' dir='ltr' id='par_1_24' title="bbox 176 3116 1051 3196">
     <span class='ocr_line' id='line_1_25' title="bbox 176 3116 1051 3196; baseline -0.001 -19"><span class='ocrx_word' id='word_1_159' title='bbox 176 3118 252 3176; x_wconf 76' lang='lat' dir='ltr'><strong>Haec</strong></span> <span class='ocrx_word' id='word_1_160' title='bbox 268 3138 335 3175; x_wconf 89' lang='lat' dir='ltr'><strong>mea</strong></span> <span class='ocrx_word' id='word_1_161' title='bbox 348 3136 458 3193; x_wconf 87' lang='lat' dir='ltr'><strong>magna</strong></span> <span class='ocrx_word' id='word_1_162' title='bbox 474 3116 548 3173; x_wconf 86' lang='lat' dir='ltr'><strong>fides</strong></span> <span class='ocrx_word' id='word_1_163' title='bbox 565 3120 571 3173; x_wconf 93' lang='lat'>!</span> <span class='ocrx_word' id='word_1_164' title='bbox 594 3118 717 3188; x_wconf 76' lang='lat' dir='ltr'><strong>Arnon,</strong></span> <span class='ocrx_word' id='word_1_165' title='bbox 735 3118 888 3189; x_wconf 75' lang='lat' dir='ltr'><strong>Euandre,</strong></span> <span class='ocrx_word' id='word_1_166' title='bbox 906 3118 1051 3196; x_wconf 79' lang='lat' dir='ltr'><strong>pudendis</strong></span> 
     </span>
    </p>

    <p class='ocr_par' dir='ltr' id='par_1_25' title="bbox 175 3209 989 3287">
     <span class='ocr_line' id='line_1_26' title="bbox 175 3209 989 3287; baseline 0.002 -20"><span class='ocrx_word' id='word_1_167' title='bbox 175 3211 356 3270; x_wconf 83' lang='lat' dir='ltr'><strong>Vulneribus</strong></span> <span class='ocrx_word' id='word_1_168' title='bbox 372 3211 487 3287; x_wconf 91' lang='lat' dir='ltr'><strong>pulsum</strong></span> <span class='ocrx_word' id='word_1_169' title='bbox 503 3209 651 3285; x_wconf 89' lang='lat' dir='ltr'><strong>adspicies</strong></span> <span class='ocrx_word' id='word_1_170' title='bbox 666 3229 672 3277; x_wconf 89' lang='grc'><strong>;</strong></span> <span class='ocrx_word' id='word_1_171' title='bbox 698 3230 753 3269; x_wconf 93' lang='lat' dir='ltr'><strong>uec</strong></span> <span class='ocrx_word' id='word_1_172' title='bbox 769 3213 878 3287; x_wconf 88' lang='lat' dir='ltr'><strong>sospite</strong></span> <span class='ocrx_word' id='word_1_173' title='bbox 893 3212 989 3270; x_wconf 92' lang='lat' dir='ltr'><strong>dirum</strong></span> 
     </span>
    </p>

    <p class='ocr_par' dir='ltr' id='par_1_26' title="bbox 177 3301 972 3382">
     <span class='ocr_line' id='line_1_27' title="bbox 177 3301 972 3382; baseline -0.001 -20"><span class='ocrx_word' id='word_1_174' title='bbox 177 3304 301 3382; x_wconf 85' lang='lat' dir='ltr'><strong>Optabis</strong></span> <span class='ocrx_word' id='word_1_175' title='bbox 316 3312 383 3361; x_wconf 90' lang='lat' dir='ltr'><strong>nato</strong></span> <span class='ocrx_word' id='word_1_176' title='bbox 399 3304 486 3360; x_wconf 89' lang='lat' dir='ltr'><strong>funus</strong></span> <span class='ocrx_word' id='word_1_177' title='bbox 502 3312 594 3378; x_wconf 88' lang='lat' dir='ltr'><strong>pater.</strong></span> <span class='ocrx_word' id='word_1_178' title='bbox 639 3301 700 3359; x_wconf 92' lang='lat' dir='ltr'><strong>Hei</strong></span> <span class='ocrx_word' id='word_1_179' title='bbox 715 3304 805 3361; x_wconf 89' lang='lat' dir='ltr'><strong>mihi!</strong></span> <span class='ocrx_word' id='word_1_180' title='bbox 829 3316 972 3379; x_wconf 91' lang='lat' dir='ltr'><strong>quantum</strong></span> 
     </span>
    </p>

    <p class='ocr_par' dir='ltr' id='par_1_27' title="bbox 175 3398 1005 3566">
     <span class='ocr_line' id='line_1_28' title="bbox 175 3398 1005 3473; baseline -0.004 -14"><span class='ocrx_word' id='word_1_181' title='bbox 175 3398 359 3469; x_wconf 85' lang='lat' dir='ltr'><strong>Praesidium,</strong></span> <span class='ocrx_word' id='word_1_182' title='bbox 377 3399 524 3466; x_wconf 87' lang='lat' dir='ltr'><strong>Ausonia,</strong></span> <span class='ocrx_word' id='word_1_183' title='bbox 541 3407 570 3453; x_wconf 93' lang='lat' dir='ltr'><strong>et</strong></span> <span class='ocrx_word' id='word_1_184' title='bbox 587 3405 728 3471; x_wconf 89' lang='lat' dir='ltr'><strong>quantum</strong></span> <span class='ocrx_word' id='word_1_185' title='bbox 742 3406 772 3453; x_wconf 92' lang='lat' dir='ltr'><strong>tu</strong></span> <span class='ocrx_word' id='word_1_186' title='bbox 793 3398 902 3473; x_wconf 85' lang='lat' dir='ltr'><strong>perdis,</strong></span> <span class='ocrx_word' id='word_1_187' title='bbox 919 3398 1005 3456; x_wconf 91' lang='lat' dir='ltr'><strong>Iule!</strong></span> 
     </span>
     <span class='ocr_line' id='line_1_29' title="bbox 213 3490 889 3566; baseline -0.004 -15"><span class='ocrx_word' id='word_1_188' title='bbox 213 3494 293 3551; x_wconf 84' lang='lat' dir='ltr'><strong>Haec</strong></span> <span class='ocrx_word' id='word_1_189' title='bbox 308 3493 357 3548; x_wconf 94' lang='lat' dir='ltr'><strong>ubi</strong></span> <span class='ocrx_word' id='word_1_190' title='bbox 372 3491 501 3558; x_wconf 86' lang='lat' dir='ltr'><strong>deflevit,</strong></span> <span class='ocrx_word' id='word_1_191' title='bbox 518 3490 582 3546; x_wconf 91' lang='lat' dir='ltr'><strong>tolli</strong></span> <span class='ocrx_word' id='word_1_192' title='bbox 596 3490 765 3546; x_wconf 88' lang='lat' dir='ltr'><strong>miserabile</strong></span> <span class='ocrx_word' id='word_1_193' title='bbox 780 3511 889 3566; x_wconf 89' lang='lat' dir='ltr'><strong>corpus</strong></span> 
     </span>
    </p>

    <p class='ocr_par' dir='ltr' id='par_1_28' title="bbox 176 3583 831 3663">
     <span class='ocr_line' id='line_1_30' title="bbox 176 3583 831 3663; baseline -0.008 -18"><span class='ocrx_word' id='word_1_194' title='bbox 176 3587 316 3663; x_wconf 87' lang='lat' dir='ltr'><strong>Imperat,</strong></span> <span class='ocrx_word' id='word_1_195' title='bbox 333 3595 361 3641; x_wconf 90' lang='lat' dir='ltr'><strong>et</strong></span> <span class='ocrx_word' id='word_1_196' title='bbox 376 3592 438 3641; x_wconf 92' lang='lat' dir='ltr'><strong>toto</strong></span> <span class='ocrx_word' id='word_1_197' title='bbox 452 3583 547 3639; x_wconf 92' lang='lat' dir='ltr'><strong>lectos</strong></span> <span class='ocrx_word' id='word_1_198' title='bbox 561 3601 597 3638; x_wconf 89' lang='lat' dir='ltr'><strong>ex</strong></span> <span class='ocrx_word' id='word_1_199' title='bbox 613 3583 730 3658; x_wconf 89' lang='lat' dir='ltr'><strong>agmine</strong></span> <span class='ocrx_word' id='word_1_200' title='bbox 745 3583 831 3640; x_wconf 89' lang='lat' dir='ltr'><strong>mittit</strong></span> 
     </span>
    </p>

    <p class='ocr_par' dir='ltr' id='par_1_29' title="bbox 176 3675 975 3752">
     <span class='ocr_line' id='line_1_31' title="bbox 176 3675 975 3752; baseline -0.003 -16"><span class='ocrx_word' id='word_1_201' title='bbox 176 3679 258 3736; x_wconf 91' lang='lat' dir='ltr'><strong>Mille</strong></span> <span class='ocrx_word' id='word_1_202' title='bbox 275 3679 363 3746; x_wconf 86' lang='lat' dir='ltr'><strong>viros,</strong></span> <span class='ocrx_word' id='word_1_203' title='bbox 382 3677 432 3752; x_wconf 90' lang='lat' dir='ltr'><strong>qui</strong></span> <span class='ocrx_word' id='word_1_204' title='bbox 447 3693 616 3750; x_wconf 90' lang='lat' dir='ltr'><strong>supremum</strong></span> <span class='ocrx_word' id='word_1_205' title='bbox 631 3675 807 3732; x_wconf 90' lang='lat' dir='ltr'><strong>comitentur</strong></span> <span class='ocrx_word' id='word_1_206' title='bbox 821 3677 975 3748; x_wconf 89' lang='lat' dir='ltr'><strong>honorem,</strong></span> 
     </span>
    </p>

    <p class='ocr_par' dir='ltr' id='par_1_30' title="bbox 177 3770 909 3847">
     <span class='ocr_line' id='line_1_32' title="bbox 177 3770 909 3847; baseline 0.001 -18"><span class='ocrx_word' id='word_1_207' title='bbox 177 3771 376 3846; x_wconf 87' lang='lat' dir='ltr'><strong>Intersintque</strong></span> <span class='ocrx_word' id='word_1_208' title='bbox 394 3771 485 3847; x_wconf 90' lang='lat' dir='ltr'><strong>patris</strong></span> <span class='ocrx_word' id='word_1_209' title='bbox 500 3770 662 3844; x_wconf 87' lang='lat' dir='ltr'><strong>lacrymis:</strong></span> <span class='ocrx_word' id='word_1_210' title='bbox 686 3771 794 3828; x_wconf 89' lang='lat' dir='ltr'><strong>solatia</strong></span> <span class='ocrx_word' id='word_1_211' title='bbox 812 3770 909 3830; x_wconf 85' lang='lat' dir='ltr'><strong>lucttis</strong></span> 
     </span>
    </p>

    <p class='ocr_par' dir='ltr' id='par_1_31' title="bbox 175 3862 852 3941">
     <span class='ocr_line' id='line_1_33' title="bbox 175 3862 852 3941; baseline 0.003 -20"><span class='ocrx_word' id='word_1_212' title='bbox 175 3865 294 3941; x_wconf 84' lang='lat' dir='ltr'><strong>Exigua</strong></span> <span class='ocrx_word' id='word_1_213' title='bbox 309 3864 447 3940; x_wconf 89' lang='lat' dir='ltr'><strong>ingentis,</strong></span> <span class='ocrx_word' id='word_1_214' title='bbox 464 3864 571 3920; x_wconf 92' lang='lat' dir='ltr'><strong>misero</strong></span> <span class='ocrx_word' id='word_1_215' title='bbox 586 3862 638 3919; x_wconf 87' lang='lat' dir='ltr'><strong>sed</strong></span> <span class='ocrx_word' id='word_1_216' title='bbox 654 3863 753 3920; x_wconf 90' lang='lat' dir='ltr'><strong>debita</strong></span> <span class='ocrx_word' id='word_1_217' title='bbox 769 3866 852 3940; x_wconf 89' lang='lat' dir='ltr'><strong>patri.</strong></span> 
     </span>
    </p>

    <p class='ocr_par' dir='ltr' id='par_1_32' title="bbox 175 3956 872 4034">
     <span class='ocr_line' id='line_1_34' title="bbox 175 3956 872 4034; baseline 0 -19"><span class='ocrx_word' id='word_1_218' title='bbox 175 3956 269 4015; x_wconf 88' lang='lat' dir='ltr'><strong>Haud</strong></span> <span class='ocrx_word' id='word_1_219' title='bbox 284 3977 392 4034; x_wconf 90' lang='lat' dir='ltr'><strong>segnes</strong></span> <span class='ocrx_word' id='word_1_220' title='bbox 408 3957 457 4013; x_wconf 88' lang='lat' dir='ltr'><strong>alii</strong></span> <span class='ocrx_word' id='word_1_221' title='bbox 472 3964 571 4013; x_wconf 91' lang='lat' dir='ltr'><strong>crates</strong></span> <span class='ocrx_word' id='word_1_222' title='bbox 584 3966 613 4013; x_wconf 89' lang='lat' dir='ltr'><strong>et</strong></span> <span class='ocrx_word' id='word_1_223' title='bbox 628 3957 714 4014; x_wconf 92' lang='lat' dir='ltr'><strong>molle</strong></span> <span class='ocrx_word' id='word_1_224' title='bbox 730 3957 872 4015; x_wconf 88' lang='lat' dir='ltr'><strong>feretrum</strong></span> 
     </span>
    </p>

    <p class='ocr_par' dir='ltr' id='par_1_33' title="bbox 176 4050 850 4126">
     <span class='ocr_line' id='line_1_35' title="bbox 176 4050 850 4126; baseline -0.003 -16"><span class='ocrx_word' id='word_1_225' title='bbox 176 4050 321 4110; x_wconf 81' lang='lat' dir='ltr'><strong>Arbuteis</strong></span> <span class='ocrx_word' id='word_1_226' title='bbox 335 4060 436 4108; x_wconf 89' lang='lat' dir='ltr'><strong>texunt</strong></span> <span class='ocrx_word' id='word_1_227' title='bbox 452 4050 543 4126; x_wconf 89' lang='lat' dir='ltr'><strong>virgis</strong></span> <span class='ocrx_word' id='word_1_228' title='bbox 558 4060 587 4106; x_wconf 85' lang='lat' dir='ltr'><strong>et</strong></span> <span class='ocrx_word' id='word_1_229' title='bbox 603 4050 710 4106; x_wconf 86' lang='lat' dir='ltr'><strong>vimine</strong></span> <span class='ocrx_word' id='word_1_230' title='bbox 726 4070 850 4125; x_wconf 88' lang='lat' dir='ltr'><strong>querno,</strong></span> 
     </span>
    </p>

    <p class='ocr_par' dir='ltr' id='par_1_34' title="bbox 175 4143 964 4219">
     <span class='ocr_line' id='line_1_36' title="bbox 175 4143 964 4219; baseline 0.003 -17"><span class='ocrx_word' id='word_1_231' title='bbox 175 4144 414 4219; x_wconf 85' lang='lat' dir='ltr'><strong>Exstructosque</strong></span> <span class='ocrx_word' id='word_1_232' title='bbox 429 4152 510 4200; x_wconf 90' lang='lat' dir='ltr'><strong>toros</strong></span> <span class='ocrx_word' id='word_1_233' title='bbox 525 4145 647 4200; x_wconf 90' lang='lat' dir='ltr'><strong>obtentu</strong></span> <span class='ocrx_word' id='word_1_234' title='bbox 663 4143 774 4201; x_wconf 84' lang='lat' dir='ltr'><strong>frondis</strong></span> <span class='ocrx_word' id='word_1_235' title='bbox 788 4145 964 4205; x_wconf 91' lang='lat' dir='ltr'><strong>inumbrant.</strong></span> 
     </span>
    </p>

    <p class='ocr_par' dir='ltr' id='par_1_35' title="bbox 176 4237 991 4316">
     <span class='ocr_line' id='line_1_37' title="bbox 176 4237 991 4316; baseline 0.004 -20"><span class='ocrx_word' id='word_1_236' title='bbox 176 4238 239 4296; x_wconf 88' lang='lat' dir='ltr'><strong>Hic</strong></span> <span class='ocrx_word' id='word_1_237' title='bbox 251 4238 392 4314; x_wconf 89' lang='lat' dir='ltr'><strong>juvenem</strong></span> <span class='ocrx_word' id='word_1_238' title='bbox 408 4237 520 4313; x_wconf 83' lang='lat' dir='ltr'><strong>agresti</strong></span> <span class='ocrx_word' id='word_1_239' title='bbox 534 4237 688 4294; x_wconf 88' lang='lat' dir='ltr'><strong>sublimem</strong></span> <span class='ocrx_word' id='word_1_240' title='bbox 703 4239 842 4296; x_wconf 86' lang='lat' dir='ltr'><strong>stramine</strong></span> <span class='ocrx_word' id='word_1_241' title='bbox 858 4248 991 4316; x_wconf 87' lang='lat' dir='ltr'><strong>ponunt:</strong></span> 
     </span>
    </p>

    <p class='ocr_par' dir='ltr' id='par_1_36' title="bbox 176 4330 886 4407">
     <span class='ocr_line' id='line_1_38' title="bbox 176 4330 886 4407; baseline 0.003 -19"><span class='ocrx_word' id='word_1_242' title='bbox 176 4331 306 4398; x_wconf 80' lang='lat' dir='ltr'><strong>Qualem</strong></span> <span class='ocrx_word' id='word_1_243' title='bbox 323 4331 456 4407; x_wconf 86' lang='lat' dir='ltr'><strong>virgineo</strong></span> <span class='ocrx_word' id='word_1_244' title='bbox 471 4330 637 4387; x_wconf 90' lang='lat' dir='ltr'><strong>demessum</strong></span> <span class='ocrx_word' id='word_1_245' title='bbox 653 4332 758 4406; x_wconf 87' lang='lat' dir='ltr'><strong>pollice</strong></span> <span class='ocrx_word' id='word_1_246' title='bbox 774 4332 886 4405; x_wconf 85' lang='lat' dir='ltr'><strong>florem,</strong></span> 
     </span>
    </p>

    <p class='ocr_par' dir='ltr' id='par_1_37' title="bbox 177 4423 891 4501">
     <span class='ocr_line' id='line_1_39' title="bbox 177 4423 891 4501; baseline 0.003 -19"><span class='ocrx_word' id='word_1_247' title='bbox 177 4425 235 4482; x_wconf 90' lang='lat' dir='ltr'><strong>Seu</strong></span> <span class='ocrx_word' id='word_1_248' title='bbox 252 4424 347 4480; x_wconf 89' lang='lat' dir='ltr'><strong>mollis</strong></span> <span class='ocrx_word' id='word_1_249' title='bbox 362 4423 457 4492; x_wconf 85' lang='lat' dir='ltr'><strong>violae,</strong></span> <span class='ocrx_word' id='word_1_250' title='bbox 474 4442 527 4480; x_wconf 90' lang='lat' dir='ltr'><strong>seu</strong></span> <span class='ocrx_word' id='word_1_251' title='bbox 544 4424 712 4499; x_wconf 90' lang='lat' dir='ltr'><strong>lauguentis</strong></span> <span class='ocrx_word' id='word_1_252' title='bbox 727 4426 891 4501; x_wconf 86' lang='lat' dir='ltr'><strong>hyacinthi,</strong></span> 
     </span>
    </p>

    <p class='ocr_par' dir='ltr' id='par_1_38' title="bbox 179 4516 1166 4592">
     <span class='ocr_line' id='line_1_40' title="bbox 179 4516 1166 4592; baseline -0.003 -14"><span class='ocrx_word' id='word_1_253' title='bbox 179 4517 239 4578; x_wconf 89' lang='lat' dir='ltr'><strong>Cui</strong></span> <span class='ocrx_word' id='word_1_254' title='bbox 253 4536 351 4592; x_wconf 85' lang='lat' dir='ltr'><strong>neque</strong></span> <span class='ocrx_word' id='word_1_255' title='bbox 368 4517 464 4592; x_wconf 84' lang='lat' dir='ltr'><strong>fulgor</strong></span> <span class='ocrx_word' id='word_1_256' title='bbox 479 4516 587 4586; x_wconf 93' lang='lat' dir='ltr'><strong>adhuc,</strong></span> <span class='ocrx_word' id='word_1_257' title='bbox 604 4536 659 4573; x_wconf 90' lang='lat' dir='ltr'><strong>uec</strong></span> <span class='ocrx_word' id='word_1_258' title='bbox 674 4517 742 4575; x_wconf 91' lang='lat' dir='ltr'><strong>dum</strong></span> <span class='ocrx_word' id='word_1_259' title='bbox 757 4539 812 4576; x_wconf 90' lang='lat' dir='ltr'><strong>sua</strong></span> <span class='ocrx_word' id='word_1_260' title='bbox 827 4520 920 4577; x_wconf 89' lang='lat' dir='ltr'><strong>forma</strong></span> <span class='ocrx_word' id='word_1_261' title='bbox 934 4521 1059 4581; x_wconf 86' lang='lat' dir='ltr'><strong>recessit</strong></span> <span class='ocrx_word' id='word_1_262' title='bbox 1075 4539 1083 4589; x_wconf 86' lang='lat'>;</span> <span class='ocrx_word' id='word_1_263' title='bbox 1127 4520 1166 4576; x_wconf 82' lang='lat' dir='ltr'><strong>to</strong></span> 
     </span>
    </p>

    <p class='ocr_par' dir='ltr' id='par_1_39' title="bbox 179 4609 933 4687">
     <span class='ocr_line' id='line_1_41' title="bbox 179 4609 933 4687; baseline 0.003 -17"><span class='ocrx_word' id='word_1_264' title='bbox 179 4609 248 4670; x_wconf 87' lang='lat' dir='ltr'><strong>Nou</strong></span> <span class='ocrx_word' id='word_1_265' title='bbox 257 4611 320 4687; x_wconf 89' lang='lat' dir='ltr'><strong>jam</strong></span> <span class='ocrx_word' id='word_1_266' title='bbox 336 4617 431 4667; x_wconf 89' lang='lat' dir='ltr'><strong>mater</strong></span> <span class='ocrx_word' id='word_1_267' title='bbox 444 4609 496 4666; x_wconf 89' lang='lat' dir='ltr'><strong>alit</strong></span> <span class='ocrx_word' id='word_1_268' title='bbox 509 4609 608 4682; x_wconf 90' lang='lat' dir='ltr'><strong>tellus,</strong></span> <span class='ocrx_word' id='word_1_269' title='bbox 625 4611 763 4687; x_wconf 87' lang='lat' dir='ltr'><strong>viresque</strong></span> <span class='ocrx_word' id='word_1_270' title='bbox 779 4613 933 4674; x_wconf 88' lang='lat' dir='ltr'><strong>ministrat.</strong></span> 
     </span>
    </p>
   </div>
   <div class='ocr_carea' id='block_1_3' title="bbox 0 0 1355 5122">
    <p class='ocr_par' dir='ltr' id='par_1_40' title="bbox 0 0 1355 5122">
     <span class='ocr_line' id='line_1_42' title="bbox 0 0 1355 5122; baseline 0 0"><span class='ocrx_word' id='word_1_271' title='bbox 0 0 1355 5122; x_wconf 95' lang='lat' dir='ltr'><strong> </strong></span> 
     </span>
    </p>
   </div>
  </div>
 </body>
</html>
