2692 5122
181 380 234 439 100
463 373 490 420 r.
511 373 678 420 vraumu
696 373 867 422 ussurus

217 512 267 571 Sic
282 511 370 583 satus,
388 511 467 570 velat
481 509 618 571 maternis
631 520 764 589 tempora
778 521 895 590 myrt03

177 607 248 666 Hoc
263 606 413 683 Helymus
427 605 508 678 facit,
525 607 581 664 boc
597 606 652 664 aevi
666 614 799 664 maturus
812 608 949 677 Acestes,

177 701 248 760 Hoc
262 719 337 778 puer
350 700 499 758 Ascanius
514 719 521 769 ;
545 700 680 776 sequitur
695 719 769 776 quos
782 707 894 757 cratera
908 699 1011 776 pubes.

178 794 233 852 Ille
247 813 264 851 e
280 793 406 851 concilio
421 793 520 850 multis
534 812 602 850 cum
616 793 745 850 millibus
760 793 820 850 ibat
1125 792 1165 849 ⁷5

177 886 224 946 Ad
238 888 392 959 tumulum,
410 885 519 964 magnei
533 886 647 945 medius
661 887 819 945 comitante
834 884 966 946 catervi.

177 981 240 1040 Hic
255 982 313 1039 duo
327 981 382 1038 rite
397 999 478 1038 mero
492 980 589 1038 libans
603 981 758 1039 carchesia
772 980 894 1038 Baccho

177 1076 288 1135 Fundit
301 1076 392 1146 humi,
409 1075 467 1132 duo
483 1075 560 1133 lacte
574 1094 661 1146 novo,
678 1075 736 1133 duo
750 1074 897 1152 sanguine
911 1093 998 1133 sacro
1012 1093 1020 1143 ;

176 1170 408 1246 Purpureusque
425 1168 500 1243 jacit
514 1168 614 1239 flores,
631 1187 667 1226 ac
682 1168 754 1225 talia
768 1167 867 1225 satur:

178 1261 277 1332 Salve,
294 1269 396 1318 sancte
411 1280 530 1338 parens,
547 1261 674 1318 iterum:
697 1261 823 1331 salvete,
839 1260 952 1337 recepti
1040 1296 1043 1303 ·
1124 1262 1166 1319 80

177 1354 388 1431 Nequidquam
401 1354 530 1424 cineres,
546 1354 713 1430 animaeque
728 1356 899 1429 umbraeque
914 1361 1055 1430 paternae.

177 1448 246 1507 Nou
260 1447 343 1505 licuit
357 1447 431 1504 fines
446 1445 549 1517 Italos,
566 1446 727 1523 fataliaque
742 1465 824 1518 arva,
1063 1434 1066 1440 ¹

176 1540 243 1599 Nec
257 1548 357 1598 tecum
370 1539 545 1610 Ausonium,
564 1540 743 1615 quicumque
756 1550 812 1611 est,
830 1558 965 1615 quaerere
979 1539 1123 1632 Tybrim3

214 1632 340 1691 Dixerat
355 1632 430 1703 haec,
448 1631 544 1709 adytis
559 1651 650 1708 quum
663 1633 795 1692 lubricus
810 1633 916 1711 anguis
931 1634 967 1690 ab
983 1633 1049 1691 imis

177 1728 296 1804 Septem
310 1727 416 1804 ingens
431 1745 533 1803 gyros,
549 1735 674 1804 septena
688 1726 846 1799 volumina,
861 1728 961 1799 traxit,
1123 1726 1165 1787 ab

176 1821 339 1898 Amplexus
353 1819 469 1897 placide
483 1821 638 1891 tumulum,
654 1820 814 1897 lapsusque
834 1839 887 1897 per
901 1839 971 1877 aras
985 1839 993 1889 3

177 1912 325 1973 Caeruleae
340 1913 389 1972 cui
403 1922 490 1990 terga
504 1923 592 1983 notae,
608 1912 778 1970 maculosus
792 1920 822 1970 et
837 1931 909 1970 auro

176 2008 337 2083 Squamam
350 2006 528 2065 incendebat
543 2006 661 2084 suig0r3
685 2024 741 2065 ceu
756 2007 883 2064 nubibus
897 2026 986 2065 arcus

99 2150 102 2155 .
178 2097 266 2158 Mille
283 2099 359 2175 jacit
373 2100 471 2157 varios
485 2099 612 2158 adverso
626 2100 689 2158 sole
704 2099 830 2159 colores.

176 2190 336 2269 Obstupuit
351 2193 415 2250 visu
429 2194 559 2253 AEneas.
603 2193 668 2265 llle,
685 2193 802 2271 agmine
816 2192 906 2271 longo
1123 2195 1165 2252 90

176 2284 311 2343 Tandem
325 2286 401 2343 iuter
416 2293 534 2362 pateras
549 2295 577 2344 et
592 2286 671 2343 levia
684 2285 792 2362 pocula
806 2290 944 2361 serpens,
1239 2293 1242 2305 '

175 2376 355 2454 Libavitque
369 2379 472 2454 dapes,
488 2397 652 2455 rursusque
667 2378 803 2435 innoxius
817 2378 875 2435 imo

177 2472 330 2529 Successit
344 2471 466 2543 tumulo,
483 2480 512 2529 et
527 2472 650 2550 depasta
664 2471 770 2529 altaria
784 2471 877 2547 liquit.

177 2563 247 2622 Hoc
262 2564 356 2642 magis
369 2565 503 2642 inceptus
517 2564 644 2643 genitori
658 2565 803 2621 instaurat
817 2564 955 2635 bonores,

178 2653 315 2714 Incertus
329 2657 497 2715 Geniumne
512 2657 580 2728 loci,
597 2657 778 2714 famulumne
794 2657 936 2734 parentis,
1123 2658 1164 2716 95

176 2748 255 2808 Esse
269 2759 351 2827 putet
365 2768 372 2807 τ
395 2751 482 2808 caedit
497 2751 582 2807 binas
596 2750 632 2806 de
646 2768 729 2807 more
743 2751 889 2821 bidentes,

176 2843 294 2920 Totque
308 2863 388 2915 sues,
404 2845 526 2902 totidem
539 2844 691 2921 nigrantes
705 2853 792 2921 terga
808 2843 976 2919 juvencus:

176 2936 316 3016 Vinaque
331 2939 471 2996 suadebat
490 2938 610 3015 pateris,
628 2938 815 3012 animamque
830 2939 955 2995 vocabat

176 3031 320 3091 Anchisae
334 3033 444 3110 magni,
458 3014 624 3107 Manesque
639 3030 809 3088 Acheronte
823 3031 974 3090 remissos.

177 3125 243 3184 Nec
258 3146 317 3184 non
331 3135 360 3184 et
374 3126 458 3196 socii,
476 3145 541 3202 qua
557 3125 665 3200 cuique
680 3132 724 3182 est
744 3124 840 3201 copia,
856 3124 917 3182 laeti
1106 3127 1163 3185 1oe

176 3220 266 3279 Dona
280 3223 387 3292 ferunt,
404 3230 589 3295 onerantque
604 3240 683 3290 ares,
700 3228 889 3296 mactantque
905 3218 1073 3295 juvencos:

176 3313 289 3373 Ordine
303 3315 400 3372 ahena
414 3315 514 3371 locant
530 3313 599 3381 alii;
624 3314 741 3390 fusique
755 3333 809 3390 per
822 3313 944 3370 herbam

178 3407 342 3482 subjiciunt
357 3408 487 3463 verubus
502 3424 622 3482 prunas,
639 3415 668 3463 et
683 3407 800 3464 viscera
811 3413 933 3464 torrent.

215 3500 397 3576 Exspectata
410 3499 474 3556 dies
489 3500 601 3570 aderat,
618 3519 785 3576 nonamque
804 3497 913 3558 sereni

177 3597 325 3653 Auroram
339 3592 533 3650 Phaethontis
547 3593 616 3669 equi
633 3593 696 3668 jam
710 3593 777 3650 luce
791 3592 961 3650 vehebant:
1106 3594 1163 3652 105

177 3687 332 3761 Famaque
347 3686 485 3743 finitimos
499 3694 528 3743 et
542 3687 617 3744 clari
630 3705 737 3744 nomen
751 3687 871 3743 Acestae

176 3779 340 3838 Excierat:
362 3780 431 3837 laeto
445 3779 626 3857 complerant
640 3780 739 3837 littora
752 3787 844 3850 coetu,

177 3872 281 3930 Visuri
293 3871 464 3944 AEneadas,
481 3894 550 3951 pars
565 3883 594 3932 et
609 3884 724 3932 certare
739 3871 844 3950 parati.

177 3964 307 4023 Munera
321 3966 464 4042 principio
478 3975 546 4025 ante
561 3968 664 4026 oculos
679 3967 820 4042 circoque
834 3964 970 4022 locantur

178 4057 214 4116 In
227 4057 324 4115 medio
337 4077 344 4126 3
370 4059 448 4116 sacri
462 4060 602 4137 tripodes,
618 4060 786 4134 viridesque
801 4076 930 4128 coronas,
1106 4058 1164 4116 110

177 4152 219 4211 Et
232 4151 346 4230 palmae,
363 4153 489 4230 pretium
502 4155 673 4227 victoribus,
691 4171 842 4229 armaque,
859 4158 889 4209 et
903 4158 984 4210 nstro
