2692 5122
697 418 704 441 Ο

204 466 209 487 l

505 785 849 836 ensroosmaun.
886 739 905 819 ’ψ
1106 792 1166 856 ³17

181 922 391 1002 Continudque
405 925 505 984 ineant
519 945 646 1004 pugnae,
662 935 692 985 et
707 927 812 1003 praelia
825 935 951 999 tentent,

67 1051 70 1055 -
179 1017 220 1076 lli
232 1037 339 1076 roseus
353 1018 448 1077 fessos
464 1020 527 1096 jam
539 1021 659 1099 gurgite
673 1020 806 1079 Pboebus
820 1020 909 1080 Ibero

178 1111 289 1189 Tingat
304 1131 408 1188 equos,
424 1121 612 1191 noctemque,
629 1113 677 1171 die
690 1114 820 1186 labente,
837 1114 971 1175 reducat.

180 1202 346 1264 Considunt
361 1207 468 1264 castris
480 1215 549 1265 ante
563 1209 676 1279 urbem,
693 1216 723 1265 et
737 1208 848 1267 moenia
865 1209 985 1269 vallant.
1107 1211 1165 1270 915

555 1490 789 1505 ψ

509 1693 843 1769 AENEIDOS

541 1887 694 1948 LIBER
706 1888 792 1950 XII.

178 2048 308 2110 Tannus
323 2059 354 2108 ut
368 2050 509 2109 infractos
522 2051 649 2109 adverso
662 2051 761 2110 Marte
775 2051 901 2110 Latinos

177 2142 335 2204 Defecisse
349 2144 438 2214 videt,
454 2164 508 2202 sua
523 2164 600 2203 nunc
616 2145 760 2222 promissa
774 2145 901 2223 reposci,

179 2237 216 2295 Se
230 2237 344 2314 signari
357 2238 452 2295 oculis
466 2256 474 2305 ;
498 2238 576 2295 ultro
590 2238 785 2314 implacabilis
800 2238 894 2308 ardet,

180 2330 351 2405 Attollitque
366 2331 489 2389 animes
531 2330 694 2388 Poenorum
710 2331 805 2407 qualis
820 2332 850 2388 in
864 2330 944 2388 arvis

179 2422 304 2482 Saucius
318 2425 367 2481 ille
382 2425 467 2500 gravi
481 2420 640 2481 venantium
656 2424 778 2480 vulnere
794 2432 898 2500 pectus
1141 2422 1163 2481 d

177 2516 253 2575 Tum
267 2517 384 2575 demum
399 2526 497 2574 movet
511 2535 594 2573 arma
608 2515 665 2586 leo,
682 2516 853 2593 gaudetque
868 2524 1021 2574 comantes

177 2609 341 2670 Excutiens
355 2610 475 2667 cervice
489 2619 580 2680 toros,
598 2610 747 2684 fixumque
764 2608 887 2666 latronis

178 2703 346 2781 Impavidus
361 2703 470 2780 frangit
484 2704 586 2773 telum,
603 2713 632 2760 et
647 2703 743 2760 fremit
757 2722 809 2760 ore
828 2710 972 2760 cruento:

177 2795 269 2855 Haud
283 2816 372 2855 secus
387 2816 516 2854 accenso
530 2795 629 2874 gliscit
644 2796 784 2853 violentia
796 2795 909 2854 Turno.

177 2888 252 2947 Tum
267 2889 311 2947 sic
326 2890 434 2947 affatur
448 2908 561 2966 regern,
579 2899 666 2964 atque
681 2891 722 2946 ita
736 2888 871 2946 turbidus
886 2889 971 2945 infit:
1125 2888 1163 2949 10
1272 2943 1276 2959 ,

177 2982 267 3042 Nulla
281 3001 364 3040 mora
378 2983 407 3039 in
420 2983 543 3050 Turn03
568 2983 639 3039 nibil
655 2990 699 3039 est
715 2982 794 3058 qudd
807 2983 887 3039 dicta
901 2988 1064 3040 retractent

177 3075 280 3154 Ignavi
294 3076 455 3146 AEneadae,
472 3094 528 3133 nec
543 3096 609 3151 quae
625 3074 765 3154 pepigere
781 3084 930 3134 recusent.

181 3169 376 3247 Congredior.
419 3168 481 3227 Fer
495 3189 593 3238 sacra,
610 3180 704 3246 pater,
721 3179 750 3227 et
764 3171 888 3246 concipe
903 3169 1010 3229 soedue.

177 3263 234 3322 Aut
250 3262 308 3321 bac
322 3263 508 3322 Dardanium
523 3262 628 3320 dextri
641 3264 696 3320 sub
711 3264 841 3320 Tartara
855 3264 980 3332 mittam,

176 3354 367 3415 Desertorem
381 3358 463 3414 Asiae
479 3356 612 3432 (sedeant
627 3365 821 3432 spectentque
835 3355 964 3431 Latini,)
1124 3354 1162 3411 15
1206 3346 1209 3351 ¹

176 3448 214 3507 Et
230 3451 312 3508 solus
326 3450 405 3507 torro
421 3450 533 3507 crimen
548 3468 703 3505 commune
723 3449 856 3506 refellam
872 3467 880 3516 3

176 3543 234 3601 Aut
249 3544 357 3601 babeat
373 3544 477 3611 victos,
494 3543 580 3599 cedat
594 3542 719 3599 Lavinia
735 3542 852 3617 conjux.
938 3614 942 3619 Ι

212 3638 273 3695 Olli
287 3638 390 3695 sedato
405 3637 555 3712 respondit
570 3637 659 3694 corde
674 3636 822 3705 Latinns;

176 3728 360 3808 Opraeatans
375 3731 463 3788 animi
480 3730 609 3805 juvenis,
628 3730 769 3805 quantlrm
785 3731 846 3806 ipse
862 3729 954 3789 feroci

176 3821 293 3882 Virtute
307 3842 480 3902 exsuperas,
497 3823 577 3881 tantd
593 3843 638 3880 me
655 3824 814 3900 impensiiis
830 3842 947 3900 aequum
961 3830 1006 3882 est
1119 3822 1160 3880 20

177 3914 351 3989 consulere,
370 3928 459 3994 atque
474 3936 576 3975 omnes
591 3925 769 3974 metuentem
784 3917 950 3993 expendere
965 3933 1064 3974 casus.

177 4010 247 4069 Sunt
262 4012 315 4069 tibi
329 4030 423 4090 regna
437 4014 529 4091 patris
544 4013 656 4083 Dauni,
672 4026 739 4070 sunt
754 4012 860 4088 oppida
873 4020 962 4089 capta

175 4100 270 4162 Multa
285 4126 372 4163 manu
388 4126 394 4174 ;
419 4127 475 4165 nec
490 4127 547 4165 non
563 4126 726 4182 aurumque
742 4107 916 4181 animusque
931 4105 1038 4165 Latino
1053 4113 1116 4164 est:

176 4198 247 4257 Sunt
262 4200 329 4257 aliae
344 4201 472 4278 innuptae
487 4202 575 4259 Latio
589 4210 618 4258 et
631 4201 832 4259 Laurentibus
847 4201 939 4278 agris,

174 4288 239 4351 Nec
254 4313 351 4371 genus
366 4295 529 4353 indecores.
573 4297 642 4352 Sine
658 4315 704 4352 me
720 4297 783 4352 baec
799 4294 877 4352 haud
892 4295 992 4353 mollia
1005 4295 1068 4354 fatu
1119 4295 1158 4353 25

64 4454 66 4464 4
175 4388 303 4447 Sublatis
319 4390 435 4465 aperire
450 4390 545 4460 dolis;
570 4392 656 4448 simul
671 4392 727 4448 hoc
743 4393 840 4449 animo
854 4392 949 4450 hauri.

173 4479 223 4539 Me
239 4492 339 4540 natam
353 4483 426 4540 nulli
441 4495 573 4543 veterum
587 4486 702 4542 sociare
718 4505 873 4561 procorum

174 4574 233 4635 Fas
246 4586 311 4635 erat
326 4596 333 4646 ;
358 4572 446 4653 idqu'e
460 4597 564 4637 omnes
577 4579 695 4655 divique
710 4578 903 4654 hominesque
918 4579 1086 4635 canebant:

448 4673 484 4727 27
494 4674 510 4708 ⁸*
