2692 5122
461 792 684 842 anomaeos
704 792 773 843 ma
789 795 808 843 1.

138 929 270 990 Insidias
283 931 389 990 aribus
402 931 509 1004 nobi,
526 933 687 992 incendere
701 952 818 1013 vepres,

136 1025 360 1103 Balantumque
372 1045 498 1107 gregem
511 1028 601 1086 flavio
615 1040 747 1087 mersare
762 1030 885 1090 salubri.

139 1119 226 1196 Saepe
241 1119 310 1179 oleo
323 1120 401 1178 tardi
415 1130 516 1179 costas
529 1122 660 1200 agitator
673 1124 758 1181 aselli

137 1212 258 1274 Vilibus
272 1225 323 1274 aut
338 1227 444 1274 onerat
456 1217 550 1294 pomis
566 1237 574 1286 3
598 1218 787 1296 lapidemque
801 1227 958 1280 revertens

139 1306 292 1382 Incusum,
309 1320 360 1368 aut
375 1319 448 1369 atrae
462 1329 590 1369 massam
608 1313 693 1390 picis,
710 1315 784 1371 urbe
798 1323 940 1392 reportat.
1073 1316 1135 1376 ete

179 1404 251 1481 lpsa
264 1405 329 1463 dies
343 1405 419 1463 alios
432 1405 490 1463 alio
504 1405 584 1464 dedit
598 1407 701 1467 ordine
716 1408 787 1466 luna
852 1401 854 1404 ⁴

138 1497 260 1556 Felices
273 1517 406 1575 operum.
449 1498 593 1567 Quintam
606 1499 677 1578 fuge
692 1519 700 1569 ;
724 1502 850 1577 pallidus
864 1502 974 1574 Orcus,

137 1591 383 1668 Eumenidesque
404 1601 478 1650 satae
495 1612 503 1662 ;
526 1604 588 1650 tum
603 1604 690 1671 partu
705 1593 803 1653 Terra
817 1595 946 1653 nefando

139 1684 310 1761 Coeumque
326 1684 522 1763 Iapetumque
536 1698 631 1758 creat,
648 1707 821 1765 saevumque
836 1688 995 1766 Typhoea,

137 1778 180 1837 Et
193 1780 365 1855 conjuratos
379 1780 490 1838 coelum
504 1781 675 1839 rescindere
691 1783 799 1841 fratres
814 1800 821 1839 :
1070 1784 1134 1843 aad

137 1872 205 1930 Ter
217 1882 282 1931 sunt
297 1874 398 1931 conati
411 1874 563 1952 imponere
577 1875 662 1933 Pelio
676 1877 784 1936 Ossam

139 1966 271 2038 Scilicet,
287 1976 379 2044 atque
393 1967 479 2026 Ossae
494 1968 665 2028 frondosum
680 1970 831 2029 involvere
845 1972 1006 2051 Olympum
1019 1990 1028 2042 3

137 2059 202 2118 Ter
215 2060 307 2118 Pater
320 2069 488 2119 exstructos
501 2061 619 2138 disjecit
633 2064 754 2121 fulmine
775 2076 900 2125 montes.
1012 2088 1014 2093 ¹

139 2154 271 2231 Septima
285 2163 350 2232 post
364 2154 509 2213 decunam
525 2157 594 2215 felix
609 2166 639 2214 et
654 2177 765 2235 ponere
779 2159 880 2232 vitem,

137 2246 179 2305 Et
193 2266 318 2323 prensos
332 2248 475 2306 domitare
489 2250 593 2321 boves,
610 2260 640 2308 et
655 2251 723 2309 licia
736 2253 805 2311 telae
1071 2254 1132 2312 285

83 2371 86 2377 ·
138 2339 282 2400 Addere:
303 2361 384 2400 nona
401 2342 481 2420 lisga
496 2344 611 2415 melior,
629 2347 779 2403 contraria
794 2347 889 2406 furtis.

177 2435 276 2493 Multa
288 2436 364 2495 aded
379 2435 482 2515 gelide
495 2437 601 2495 melius
619 2458 652 2496 se
666 2452 753 2496 nocte
769 2439 891 2511 dedere,

138 2531 200 2587 Aut
215 2549 305 2606 quum
317 2532 381 2588 sole
395 2550 473 2589 noso
487 2540 584 2589 terras
598 2532 707 2589 irrorat
721 2533 815 2591 Eous.

139 2623 236 2683 Nocte
252 2625 334 2682 leves
347 2626 454 2683 melitis
468 2625 596 2702 stipula,
613 2636 700 2684 nocte
716 2626 799 2684 arida
815 2635 899 2704 prata

138 2717 314 2775 Tondentur
329 2737 337 2787 ;
359 2731 464 2777 noctes
479 2719 577 2776 lentus
592 2739 649 2777 non
665 2721 765 2778 deficit
780 2721 894 2780 humor.
1006 2717 1011 2739 '
1073 2723 1132 2782 990

139 2810 178 2870 Et
194 2812 312 2888 quidam
327 2831 411 2871 seros
426 2813 542 2871 hiberni
556 2814 592 2871 ad
608 2815 726 2872 luminis
741 2815 826 2892 ignes

138 2906 312 2984 Pervigila,
329 2908 469 2984 ferroque
485 2909 567 2966 laces
581 2909 707 2988 inspicat
722 2920 810 2967 acuto
826 2928 833 2967 :

139 2987 268 3072 Interea,
290 3002 413 3079 longum
428 3011 516 3060 cantu
531 3004 627 3060 solata
641 3003 785 3075 laborem,

139 3094 256 3172 Arguto
271 3096 380 3171 conjux
397 3097 544 3172 percurrit
563 3097 680 3174 pectine
695 3098 782 3169 telas,
885 3103 902 3122 ⁴

139 3189 198 3246 Aut
212 3189 309 3247 dulcis
322 3190 411 3247 musti
425 3189 563 3246 Vulcano
578 3190 717 3266 decoquit
733 3191 897 3263 humorem,
1070 3195 1131 3252 996

138 3281 178 3340 Et
192 3283 269 3341 foliis
284 3283 394 3340 undam
407 3283 514 3360 trepidi
527 3281 682 3361 despumat
697 3285 795 3343 ebeni.

175 3378 216 3435 At
232 3377 398 3434 rubicunda
413 3376 511 3435 Ceres
525 3377 621 3433 medio
636 3376 800 3435 succiditur
815 3384 900 3449 oestu,

139 3471 177 3530 Et
192 3473 290 3530 medio
304 3481 399 3530 tostae
413 3480 488 3529 oestu
502 3471 570 3528 terit
585 3491 658 3528 area
673 3471 785 3547 fruges.

139 3564 167 3623 N
170 3565 245 3623 udus
261 3584 324 3636 ara,
340 3584 407 3623 sere
423 3564 520 3621 nudus
536 3582 543 3619 ε
565 3564 659 3621 biems
674 3564 783 3641 ignava
798 3563 913 3624 colono.

140 3657 315 3736 Frigoribus
329 3667 413 3735 parto
429 3658 570 3736 agricolae
586 3658 759 3735 plerumque
775 3658 922 3730 fruuntur,
1070 3661 1132 3719 ³00

139 3752 305 3830 Mutuaque
321 3755 397 3812 inter
410 3772 443 3811 se
458 3754 518 3811 laeti
532 3753 669 3812 convivia
684 3763 798 3811 curant.

113 3903 119 3911 ,
141 3845 247 3905 Invitat
262 3847 387 3925 genialis
402 3848 506 3919 biems,
524 3868 673 3925 curasque
688 3850 809 3906 resolvit
825 3868 831 3905 τ

142 3939 218 4012 Ceu,
237 3961 348 4018 pressae
365 3961 456 4019 quum
473 3943 534 4018 jam
549 3951 664 4020 portum
680 3941 808 4021 tetigere
824 3943 947 4016 carina,

140 4033 292 4113 Puppibus
308 4045 337 4093 et
350 4036 411 4094 laeti
430 4045 530 4094 nautae
544 4035 713 4114 imposuisse
729 4057 866 4095 coronas.

142 4130 198 4187 Sed
217 4139 317 4189 tameo
333 4140 363 4188 et
379 4150 509 4207 quernas
523 4132 649 4209 glandes
663 4142 724 4189 turn
740 4132 887 4211 stringere
902 4140 1029 4211 tempus,
1070 4134 1131 4193 305

140 4222 179 4280 Et
193 4224 269 4282 lauri
286 4227 408 4293 baccas,
425 4226 591 4301 oleamque,
608 4237 793 4302 cruentaque
808 4235 906 4303 myrta
921 4247 929 4297 ;

140 4316 216 4376 Tum
230 4319 361 4398 gruibus·
372 4320 505 4398 pedicas,
521 4330 551 4378 et
565 4321 641 4379 retia
655 4341 765 4399 ponere
781 4321 890 4394 cervis,

140 4410 323 4490 Auritosque
339 4416 423 4491 sequi
437 4415 556 4493 lepores
573 4434 580 4485 ;
603 4425 665 4473 tum
681 4417 774 4494 figere
789 4417 893 4475 damas

140 4505 271 4584 Stuppea
284 4515 473 4584 torquentem
487 4509 624 4568 Balearis
639 4512 765 4568 verbera
779 4510 877 4569 fundae
894 4530 901 4580 ;

140 4597 241 4667 Quam
253 4600 306 4660 nix
320 4600 381 4661 alta
395 4604 489 4680 jacet,
505 4604 635 4683 glaciem
650 4624 740 4680 quum
753 4604 875 4662 flumina
889 4602 1021 4664 trudunt.
1070 4602 1131 4662 310

415 4699 462 4756 4⁴
873 4715 892 4753 r
