2692 5122
492 805 714 853 GEORGICON
732 805 803 853 LIB.
819 805 855 852 11.

174 944 333 1025 Ingentem
347 946 426 1005 coelo
439 947 568 1006 sonitum
582 946 662 1005 dedit
678 965 686 1015 ;
710 946 778 1004 inde
793 953 916 1004 secutus

174 1044 235 1104 Per
248 1064 348 1104 minos
361 1045 458 1104 victor
471 1065 583 1123 perque
598 1046 658 1103 alta
671 1042 828 1102 cacumina
840 1050 958 1122 regnat,

174 1140 214 1200 Et
228 1149 322 1200 totum
335 1140 457 1199 involvit
471 1141 595 1198 flammis
609 1158 725 1211 nemus,
742 1147 772 1196 et
787 1138 844 1196 ruit
859 1147 955 1197 atram

175 1235 222 1295 Ad
237 1235 348 1294 coelum
363 1233 452 1313 picea
465 1254 586 1292 crassus
600 1233 729 1311 caligine
745 1234 876 1301 nubem}

175 1328 348 1388 Praesertim
361 1329 387 1386 si
400 1336 562 1405 tempestas
576 1347 595 1384 a
608 1327 720 1386 vertice
736 1327 818 1384 silvis

176 1422 325 1494 Incubuit,
342 1423 548 1501 glomeratque
563 1422 663 1479 ferens
677 1420 816 1479 incendia
830 1428 946 1481 ventus.

175 1515 247 1575 Hoc
261 1517 323 1588 ubi,
339 1536 398 1575 non
414 1536 432 1574 a
446 1516 537 1593 stirpe
552 1516 663 1586 valent,
680 1534 829 1591 caesaeque
843 1514 955 1573 reverti

175 1610 316 1681 Possunt,
333 1621 424 1686 atque
438 1608 499 1668 ima
511 1610 622 1667 similes
636 1609 821 1667 revirescere
836 1607 940 1667 terrai:

176 1703 284 1763 Infelix
297 1711 420 1781 superat
433 1703 511 1761 soliis
525 1704 656 1761 oleaster
670 1704 788 1761 amaris.

216 1797 283 1856 Neo
295 1797 349 1855 tibi
362 1806 424 1854 tarn
439 1797 569 1874 prudens
585 1797 742 1873 quisquam
756 1795 936 1873 persuadeat
950 1801 1054 1854 auctor
1107 1796 1167 1854 ³15

176 1891 329 1949 Tellurem
344 1889 446 1949 Burei
459 1891 586 1968 rigidam
600 1891 731 1967 spirante
746 1890 859 1949 moveri
873 1909 879 1946 :

177 1984 263 2043 Rura
276 1985 346 2062 gelu
361 1993 424 2043 tum
437 1984 547 2042 claudit
562 1984 666 2056 hiems,
683 2004 740 2043 nec
754 1986 867 2043 semine
884 1984 968 2061 jacto

177 2079 360 2141 concretam
375 2081 483 2158 patitur
496 2081 629 2139 radicem
643 2081 766 2159 affigere
780 2091 880 2141 terrae.

177 2174 296 2253 Optima
310 2175 417 2233 vinetis
431 2176 517 2246 satio,
535 2195 625 2251 quum
640 2195 711 2234 vere
732 2176 852 2234 rubenti

178 2268 316 2329 Candida
330 2270 411 2328 venit
426 2271 499 2341 avis,
516 2270 613 2348 longis
628 2270 723 2329 invisa
738 2271 869 2329 colubris
886 2289 894 2340 ;
1108 2268 1169 2327 ³20

177 2362 278 2422 Prima
292 2364 338 2423 vel
353 2364 486 2422 autumni
508 2365 563 2423 suh
578 2364 700 2441 frigora,
718 2384 809 2439 quum
822 2363 944 2440 rapidus
959 2362 1011 2420 Sol

178 2457 317 2516 Nondum
334 2459 462 2516 hiemem
476 2458 620 2534 contingit
635 2459 730 2533 equis,
751 2458 814 2533 jam
829 2458 961 2535 praeterit
975 2463 1073 2516 estas.

216 2551 281 2609 Ver
295 2551 370 2609 oded
386 2551 483 2609 frondi
498 2570 662 2622 nemorum,
679 2570 732 2608 ver
747 2551 817 2608 utile
832 2551 937 2609 silvis:

178 2643 258 2702 Vere
275 2653 388 2703 tument
402 2654 503 2715 terrae,
519 2653 549 2702 et
563 2645 707 2721 genitalia
720 2645 836 2702 semina
851 2652 986 2723 poscunt.

177 2738 254 2796 Tum
268 2738 360 2797 Pater
373 2738 560 2815 omnipotens
575 2738 721 2796 soecundis
736 2738 880 2796 imbribus
893 2738 1007 2798 AEther
1110 2741 1170 2798 ³25

179 2831 325 2910 Coujugis
344 2832 374 2890 in
389 2832 534 2910 gremium
551 2832 627 2890 laetae
643 2832 807 2903 descendit,
824 2841 854 2891 et
868 2852 972 2892 omnes

177 2926 308 3005 Magnus
322 2927 385 2996 alit,
401 2945 510 3003 magno
525 2926 701 2984 commixtus
716 2947 853 3004 corpore,
870 2926 969 2987 soetus.

178 3021 254 3079 Aria
267 3030 329 3079 tum
344 3029 485 3078 resonant
499 3021 603 3078 avibus
618 3020 747 3098 virgulta
762 3022 892 3093 canoris,

178 3113 217 3172 Et
231 3114 384 3172 Venerem
398 3114 489 3172 certis
503 3122 640 3191 repetunt
655 3123 789 3172 armenta
803 3115 918 3175 diebus.

178 3208 309 3266 Parturit
324 3208 419 3265 almus
434 3227 529 3286 ager:
559 3207 750 3285 Zephyrique
764 3210 934 3285 tepentibus
949 3209 1031 3268 auris
1110 3211 1170 3269 330

179 3300 296 3360 Laxant
310 3320 383 3359 arva
396 3301 479 3359 sinus
493 3321 501 3371 3
525 3310 647 3378 superat
661 3310 747 3359 tener
761 3303 897 3360 omnibus
912 3303 1017 3362 humor
1030 3321 1039 3373 ;

180 3394 273 3471 Inque
289 3415 381 3453 novos
396 3396 475 3453 soles
489 3396 598 3452 audent
614 3415 647 3452 se
662 3396 797 3472 germina
810 3395 874 3452 tutd

181 3488 314 3548 Credere
330 3509 338 3558 ;
361 3508 418 3546 neo
433 3489 536 3546 metuit
551 3497 710 3566 surgentes
725 3488 880 3565 pampinus
894 3496 1024 3560 austros,

179 3584 239 3640 Aut
259 3590 359 3639 actum
373 3582 451 3641 ooelo
466 3581 584 3658 magnis
599 3581 786 3655 aquilonibus
800 3581 925 3638 imbrem
942 3600 949 3651 3

181 3676 239 3733 Sed
253 3675 344 3733 trudit
358 3694 503 3752 gemmas,
520 3683 550 3732 et
566 3674 685 3732 frondes
700 3675 827 3752 explicat
842 3694 955 3735 omnes.
1111 3677 1170 3736 336

132 3761 136 3768 ’
181 3769 248 3826 Non
263 3769 338 3826 alios
352 3770 445 3846 primii
459 3768 625 3826 crescentis
640 3768 754 3846 origine
769 3768 869 3826 mundi

181 3859 318 3921 Illuxisse
333 3863 407 3934 dies,
425 3863 553 3920 aliumve
568 3862 709 3920 habuisse
724 3871 869 3933 tenorem,

182 3953 368 4014 Crediderim
384 3976 391 4013 ε
415 3975 468 4014 ver
482 3956 553 4013 illud
568 3965 644 4027 erat,
660 3976 714 4014 ver
727 3977 853 4034 magnus
868 3959 978 4034 agebat
1069 4027 1073 4035 ,

181 4047 281 4121 Orbis,
298 4057 328 4107 et
342 4050 475 4107 hibernis
490 4053 652 4127 parcebant
671 4049 790 4108 flatibus
808 4051 904 4119 Euri3

184 4141 283 4209 Quum
297 4143 398 4219 primae
412 4144 510 4202 lucem
525 4144 655 4220 pecudes
669 4142 807 4215 hausere,
825 4140 979 4221 virrimque

183 4234 296 4293 Ferrea
311 4237 469 4315 progenies
484 4237 565 4295 duris
580 4246 669 4315 caput
684 4238 788 4303 extulit
804 4238 894 4310 arvis,

184 4327 385 4406 lmmissaeque
400 4331 472 4389 ferae
486 4331 579 4401 silvis,
595 4339 624 4389 et
638 4331 738 4389 sidera
751 4332 838 4391 coelo.

183 4421 212 4480 N
214 4441 249 4480 ec
263 4444 312 4481 res
326 4424 405 4482 huuc
420 4433 532 4482 tenerae
546 4434 668 4501 possent
687 4425 820 4502 perferre
834 4425 978 4499 laborem,

185 4515 217 4573 Si
235 4535 291 4574 non
305 4524 389 4575 tanta
403 4517 488 4593 quies
502 4518 558 4576 iret
573 4517 726 4595 frigusque
741 4519 933 4596 caloremque

184 4607 275 4683 Inter,
291 4618 321 4670 et
335 4610 486 4689 exciperet
499 4612 570 4672 ooeli
583 4611 768 4690 indulgentia
780 4621 887 4672 terras.
