2692 5122
183 395 222 451 64
467 387 494 434 Ρ.
514 384 680 432 vlsemn
704 383 877 432 Mauortis

182 526 312 585 Tollitur
325 545 332 596 3
357 525 534 584 humescunt
549 523 660 602 spumis
673 523 805 601 flatuque
819 517 1018 600 sequentum:

87 645 95 671 i
183 619 300 678 Tantus
314 639 397 677 amor
410 618 541 690 laudum,
556 625 647 677 tentae
661 625 706 676 est
720 618 845 676 victoria
857 635 938 674 curae
953 617 960 673 l

223 713 341 771 Primus
353 712 567 770 Erichthonius
581 730 687 769 currus
701 720 730 770 et
746 719 873 788 quatuor
885 728 976 768 ausus

182 806 317 885 Jungere
332 824 437 882 equos,
451 804 631 882 rapidusque
645 805 718 863 rotis
732 804 868 862 insistere
882 803 986 861 victor.

183 900 294 959 Frrene
307 898 490 958 Pelethronii
502 898 639 976 Lapithae
653 917 804 977 gyrosque
817 895 938 968 dedite,

183 992 316 1070 Impositi
329 992 418 1050 dorso
432 1011 440 1062 3
464 1001 555 1068 etque
569 992 700 1067 equitem
713 989 844 1051 docuere
858 991 913 1049 sub
929 987 1020 1047 armis

183 1084 332 1144 Insultare
345 1085 420 1156 solo,
436 1093 466 1143 et
479 1104 603 1163 gressus
617 1085 784 1163 glomerare
799 1085 953 1162 superbos.

182 1179 307 1255 AEquus
328 1187 454 1254 uterque
469 1178 574 1248 lebor3
598 1178 683 1254 aequd
700 1178 901 1254 juvenemque
915 1175 1049 1254 magistri

181 1271 362 1349 Exquirunt,
379 1271 567 1348 calidumque
582 1272 688 1336 animis
702 1280 731 1329 et
745 1272 883 1330 cursibus
896 1288 998 1328 acrem
1012 1288 1021 1339 3

182 1365 329 1432 Quemvis
342 1365 423 1443 saepd
438 1364 510 1443 fugi
524 1384 627 1423 versos
640 1365 690 1422 ille
704 1365 800 1443 egerit
814 1364 925 1435 hostes,

181 1459 222 1516 Et
236 1458 361 1536 petriam
373 1457 499 1536 Epirum
513 1458 635 1529 reserat,
651 1458 803 1533 sortesque
817 1456 975 1533 Myconus,

181 1549 373 1629 Neptunique
388 1549 454 1628 ipsi
466 1549 595 1609 deducat
609 1550 725 1628 origine
740 1558 869 1627 gentem.

220 1643 280 1702 His
294 1643 518 1714 animadversis,
534 1644 646 1702 instent
660 1644 714 1700 sub
729 1650 856 1719 tempus,
873 1649 903 1700 et
917 1660 1021 1700 omnes

181 1737 357 1815 Impendunt
375 1756 465 1795 cures
478 1736 571 1795 denso
584 1735 754 1794 distendere
768 1735 870 1813 pingui

181 1830 281 1897 Quem
294 1826 397 1908 legire
410 1829 527 1901 ducem,
543 1838 573 1887 et
587 1829 689 1907 pecori
702 1826 804 1887 dixere
818 1827 955 1909 meritum
967 1824 977 1897 3

180 1923 393 2000 Pubentesque
407 1930 512 1981 secant
526 1922 646 1994 herhas,
662 1921 827 1997 fluviosque
842 1920 1018 1993 ministrent,

179 2016 338 2092 Farraque
355 2035 362 2085 3
386 2035 425 2074 ue
439 2015 550 2073 blando
563 2023 694 2092 nequeat
708 2032 867 2092 superesse
881 2013 987 2086 labori,

181 2107 366 2185 Invalidique
381 2121 498 2187 petrum
512 2108 643 2167 referent
653 2107 769 2184 jejunia
781 2106 852 2165 nati.

181 2199 253 2280 Ipsa
267 2213 366 2259 autem
380 2203 475 2260 macie
489 2210 613 2260 tenuant
626 2212 761 2259 armenta
775 2200 910 2258 volentes
925 2219 933 2270 3

179 2295 291 2370 Atque,
307 2295 357 2351 uhi
373 2294 549 2352 concubitus
562 2294 671 2371 primos
687 2294 751 2370 jem
764 2302 834 2352 nota
846 2293 982 2371 voluptas

180 2386 337 2458 Sollicitat,
354 2385 534 2462 frondesque
548 2395 668 2464 negant,
685 2396 715 2446 et
729 2387 858 2446 sontibus
872 2395 985 2445 arcent.

180 2479 266 2557 Saeps
281 2479 372 2536 etiam
385 2498 477 2537 cursu
492 2480 636 2555 quatiunt,
653 2489 683 2539 et
696 2480 759 2539 sole
774 2480 910 2558 fatigent,

179 2571 281 2638 Quum
294 2571 427 2650 graviter
439 2572 535 2629 tunsis
554 2573 646 2650 gemit
660 2593 732 2632 eree
750 2573 895 2650 frugibus,
912 2581 941 2631 et
956 2594 1046 2651 quum

179 2664 360 2741 Surgentem
373 2662 411 2720 ad
425 2664 598 2740 Zephyrum
611 2666 706 2743 pelea
723 2665 877 2741 jactantur
889 2666 1004 2726 inanes

178 2754 249 2814 Hoc
264 2755 387 2827 faciunt,
403 2755 493 2813 nimio
507 2776 544 2815 ne
559 2757 629 2815 luxu
644 2758 776 2816 obtusior
790 2778 862 2817 urus

179 2849 222 2908 Sit
236 2849 358 2927 genitali
372 2868 455 2920 ervo,
471 2857 501 2906 et
514 2850 615 2908 sulcos
629 2850 749 2908 oblimet
761 2851 874 2910 inertes
888 2871 897 2922 3

179 2942 238 3000 Sed
257 2942 353 3020 rapiet
367 2943 470 3001 sitiens
484 2942 645 3015 Venerem,
663 2943 847 3020 interiusque
860 2945 1013 3005 recondet.

216 3036 335 3093 Rursus
348 3055 422 3095 cura
436 3042 552 3114 patrum
566 3036 686 3108 cedere,
704 3045 734 3095 et
747 3038 913 3096 succedere
927 3047 1055 3098 matrum

177 3128 293 3206 Incipit.
335 3128 460 3188 Exactis
473 3129 606 3208 grevidae
622 3149 713 3206 quum
725 3132 877 3190 mensibus
891 3143 1002 3205 errent,

176 3221 206 3282 N
207 3243 246 3280 on
259 3222 327 3280 illes
340 3223 484 3300 gravibus
500 3223 656 3300 quisquam
672 3224 749 3302 juga
762 3225 873 3285 ducere
888 3227 1039 3304 plaustris,

176 3314 206 3372 N
208 3334 246 3373 on
260 3314 338 3371 saltu
353 3333 497 3392 superero
511 3315 589 3372 viam
602 3317 639 3373 sit
653 3336 770 3394 pessus,
787 3328 816 3376 et
831 3320 895 3377 acri

177 3406 313 3484 Carpere
328 3416 412 3483 prata
431 3405 514 3484 sugit,
532 3407 697 3484 fluviosque
712 3410 814 3468 innare
828 3431 964 3488 rapaces.

177 3500 307 3557 Saltibus
321 3500 351 3557 in
367 3500 470 3557 vacuis
483 3509 620 3577 pascant,
637 3511 665 3559 et
680 3503 769 3579 plena
783 3505 947 3563 secundum

175 3593 324 3665 Flumina,
341 3613 462 3652 muscus
476 3595 537 3665 ubi,
553 3602 583 3652 et
597 3594 774 3654 viridissima
787 3599 921 3675 gramine
935 3600 1012 3678 ripe,

177 3687 393 3764 Speluncaeque
407 3695 521 3765 tegant,
538 3695 567 3745 et
582 3707 674 3746 saxea
687 3692 829 3766 procubet
845 3693 959 3752 umbre.

216 3779 273 3836 Est
293 3779 377 3836 lucos
392 3780 479 3838 Silari
493 3780 576 3838 circa
589 3781 767 3858 ilicibusque
782 3784 932 3844 virentem

176 3870 326 3929 Plurimus
340 3873 507 3931 Alburnum
521 3873 658 3947 volitans,
675 3876 724 3933 cui
737 3897 844 3937 nomen
858 3880 933 3937 asilo

176 3963 345 4022 Romamm
359 3972 415 4036 est,
431 3974 555 4023 oestrum
567 3967 654 4026 Graii
668 3967 786 4029 vertere
801 3980 941 4031 vocantes
955 3993 964 4043 3

177 4059 285 4133 Asper,
303 4059 413 4115 acerba
427 4077 535 4117 sonans
551 4079 559 4128 3
584 4080 643 4136 quo
656 4069 719 4120 tota
732 4064 873 4121 exterrita
886 4066 968 4125 silvis

177 4148 347 4229 Diffugiunt
361 4160 495 4210 armenta
509 4171 517 4222 3
541 4153 610 4212 furit
625 4155 785 4234 mugitibus
800 4156 893 4216 aether
