2692 5122
475 781 650 831 AENEIDOS
675 785 745 832 Llll.
760 786 812 834 111.

154 916 206 976 llla
220 926 342 976 manent
357 917 477 977 immota
490 921 575 992 locis,
591 943 688 1000 neque
703 927 741 983 ab
755 926 857 984 ordine
872 926 990 988 cedunt.

153 1010 263 1068 Verirm
278 1011 394 1082 eadem,
411 1032 498 1071 verso
512 1017 611 1073 tenuis
626 1036 715 1093 quum
730 1020 850 1077 cardine
864 1030 969 1080 ventus

152 1102 279 1181 Impulit,
297 1113 327 1162 et
340 1113 461 1163 teneras
474 1110 605 1166 turbavit
621 1110 715 1185 janua
730 1113 859 1185 frondes,

151 1197 312 1274 Nunquam
327 1198 433 1257 deinde
446 1220 522 1259 cavo
536 1203 688 1261 volitantia
703 1206 848 1282 prendere
863 1227 944 1281 saxo,

151 1289 217 1348 Nec
231 1309 376 1349 revocare
391 1293 475 1364 situs,
493 1303 544 1352 aut
560 1295 688 1375 jungere
703 1300 835 1357 carmina
849 1310 944 1361 curat.

151 1381 315 1441 Inconsulti
330 1388 450 1457 abeunt,
467 1388 628 1465 sedemque
643 1389 733 1448 odire
749 1393 878 1470 Sibyllae.

150 1475 212 1534 Hic
226 1477 280 1534 tibi
295 1497 333 1535 ne
348 1498 407 1555 qua
419 1499 509 1538 morse
524 1482 632 1540 suerint
646 1483 801 1561 dispendia
813 1488 898 1558 tanti,
933 1534 948 1547 ..
966 1552 969 1557 ,

151 1569 298 1636 Quamvis
311 1571 487 1650 increpitent
501 1576 585 1646 socii,
602 1585 632 1634 et
646 1579 674 1635 vi
688 1598 796 1637 cursus
810 1581 839 1637 in
860 1580 951 1639 altum

149 1661 228 1721 Vela
242 1672 340 1736 vocet,
357 1667 512 1743 possisque
527 1669 609 1727 sinus
623 1671 745 1748 implere
760 1673 919 1745 secundos,

151 1758 234 1825 Quin
247 1760 339 1818 adeas
353 1771 462 1833 vatem,
478 1765 676 1841 precibusque
690 1769 812 1825 oracula
827 1788 944 1845 poscas.

151 1849 220 1929 Ipsa
235 1861 335 1925 canat,
352 1874 515 1932 vocemque
530 1859 632 1915 volens
647 1868 735 1936 atque
751 1881 803 1918 ora
818 1863 958 1921 resolvat.

151 1943 207 2003 Illa
220 1947 274 2004 tibi
288 1947 381 2006 ltaliae
397 1951 530 2027 populos,
547 1961 731 2028 venturaque
748 1955 837 2024 bella,
952 1926 976 1979 'l

150 2039 190 2097 Et
205 2060 264 2118 quo
279 2061 426 2119 quemque
440 2045 527 2103 modo
541 2046 698 2123 fugiasque
712 2047 851 2124 serasque
864 2049 1008 2122 laborem,

150 2132 296 2211 Expediet
310 2154 318 2204 ;
342 2155 507 2213 cursusque
522 2139 603 2196 dabit
619 2149 758 2198 venerata
774 2142 931 2201 secundos.

150 2224 228 2285 Haec
242 2236 322 2300 sunt,
340 2249 405 2305 quse
420 2230 522 2289 nostrai
536 2232 624 2289 liceat
638 2239 667 2288 te
682 2252 755 2290 voce
775 2235 897 2293 moneri.

150 2318 235 2377 Vade
251 2339 319 2399 age,
336 2332 365 2379 et
379 2323 529 2400 ingentem
544 2325 631 2381 sactis
645 2326 690 2382 ser
704 2325 740 2382 ad
756 2327 867 2383 aethera
887 2324 1018 2403 Trojam.

191 2413 269 2480 Qum
283 2423 439 2491 postquam
454 2426 538 2473 vates
551 2418 594 2475 sic
609 2436 661 2474 ore
676 2419 783 2475 effatus
797 2420 892 2476 amieo
907 2427 963 2489 est,

150 2504 240 2565 Dona
254 2507 361 2565 dehinc
376 2527 449 2565 auro
464 2510 579 2586 gravia,
596 2521 737 2586 sectoque
752 2511 919 2588 elephanto,
989 2550 992 2559 ·

151 2598 279 2677 Imperat
295 2601 331 2658 ad
346 2621 439 2659 naves
454 2603 534 2673 ferri,
551 2603 699 2680 stipatque
713 2605 824 2662 carinis

151 2691 262 2771 lugens
276 2704 443 2772 argentum,
459 2695 690 2773 Dodonaeosque
704 2698 831 2769 lebetas,

150 2785 289 2845 Loricam
304 2798 471 2846 consertam
485 2790 581 2847 hamis
596 2809 728 2866 auroque
742 2792 879 2864 trilicem,

149 2880 190 2939 Et
205 2901 312 2940 conum
326 2882 451 2959 insignis
466 2884 571 2960 galam,
588 2885 755 2961 cristasque
770 2895 932 2958 comantes,

149 2975 245 3033 Arma
258 2976 286 3034 N
289 2977 453 3054 eoptolemi.
496 2979 569 3034 Sunt
585 2987 614 3035 et
628 2998 683 3034 sua
700 2979 777 3037 dona
792 2980 917 3056 parenti.

149 3068 241 3126 Addit
254 3089 359 3145 equos,
374 3069 511 3146 additque
526 3070 618 3128 duces
632 3091 640 3140 ;

150 3160 321 3240 Remigium
336 3164 450 3241 supplet
465 3183 472 3231 ;
496 3165 594 3222 socios
608 3165 693 3222 simul
708 3166 825 3224 instruit
840 3166 940 3226 armis.

189 3256 311 3316 Interea
325 3260 451 3317 classem
466 3261 540 3317 velis
554 3270 656 3336 aptare
673 3261 798 3335 jubebat

150 3351 310 3423 Anchises,
326 3353 409 3410 fieret
424 3362 512 3410 vento
527 3373 610 3410 mora
624 3373 661 3409 ne
678 3373 737 3429 qua
751 3353 866 3410 serenti.

151 3444 252 3512 Quem
265 3445 370 3504 Phoebi
387 3446 532 3522 interpres
547 3445 637 3502 multo
651 3446 808 3522 compellat
824 3445 957 3501 honore:

151 3536 313 3616 Conjugio,
328 3540 471 3608 Anchisa,
489 3537 618 3594 Veneris
631 3538 752 3614 dignate
767 3539 907 3613 superbo,
1080 3538 1139 3595 4⁷5

152 3630 238 3691 Cura
250 3629 347 3702 desim,
365 3633 410 3689 bis
425 3632 599 3708 Pergameis
614 3642 715 3709 erepte
730 3632 833 3702 ruinis,

150 3725 236 3783 Ecce
250 3725 303 3782 tibi
316 3725 458 3782 Ausoniae
473 3725 561 3782 tellus
576 3744 583 3793 ;
607 3725 684 3781 hane
700 3725 798 3801 arripe
812 3725 895 3783 velis.

150 3820 192 3879 Et
207 3828 303 3877 tamen
318 3820 394 3878 hanc
410 3820 516 3897 pelago
532 3820 740 3897 praeterlabare
755 3839 880 3877 necesse
895 3828 959 3878 est:

151 3912 296 3971 Ausoniae
312 3933 380 3990 pars
394 3914 445 3970 illa
460 3914 573 3989 procul,
590 3932 679 3988 quam
694 3912 792 3990 pandit
807 3913 923 3990 Apollo.

151 4005 251 4076 Vade,
268 4007 319 4077 ait,
337 4006 438 4063 oselix
453 4006 514 4063 nati
529 4007 657 4083 pietate!
700 4005 780 4071 Quid
795 4006 873 4063 ultra
1079 4008 1139 4066 480

150 4099 316 4170 Provehor‚
333 4107 362 4157 et
377 4098 464 4157 sando
479 4108 637 4176 surgentes
651 4099 787 4155 demoror
801 4106 917 4156 austros
931 4098 942 4154 i

152 4192 221 4251 Nec
235 4192 332 4251 minias
346 4192 565 4261 Andromache,
582 4191 718 4268 digressu
734 4199 841 4248 moesta
855 4210 1003 4267 supremo,

151 4285 227 4344 Fert
241 4286 403 4363 picturatas
418 4286 482 4343 auri
496 4285 661 4342 subtemine
676 4293 784 4354 vestes,

153 4380 195 4439 Et
208 4381 371 4458 Phrygiam
385 4381 518 4439 Ascanio
533 4380 719 4456 chlamydem
734 4399 741 4448 ;
768 4398 824 4436 nec
840 4379 917 4437 cedit
931 4378 1056 4451 honori;

153 4474 382 4551 Textilibusque
397 4483 501 4532 onerat
516 4474 611 4544 donis,
628 4493 664 4531 ac
678 4473 750 4530 talia
765 4474 861 4530 fatur:
1080 4475 1138 4533 485

153 4569 270 4646 Accipe
286 4576 316 4626 et
330 4568 406 4639 haec,
422 4586 561 4626 manuum
575 4567 630 4624 tibi
645 4586 710 4642 quae
725 4573 912 4624 monumenta
926 4583 1061 4625 mearum
