2692 5122
503 787 675 837 AENEIDOS
694 790 763 837 LIB.
778 792 823 839 Vl.

174 923 300 1003 Jupiter,
316 932 346 982 et
361 925 452 983 rebus
465 945 522 984 nox
536 928 657 985 abstulit
671 937 735 987 atra
750 931 889 990 colorem.

175 1018 362 1077 Vestibulum
377 1028 445 1077 ante
460 1019 565 1096 ipsum,
583 1023 742 1098 primisque
762 1025 791 1081 in
807 1025 944 1082 faucibus
957 1023 1041 1095 Orci,

174 1109 287 1170 Luctus
301 1121 331 1170 et
346 1113 469 1170 ultrices
483 1114 610 1190 posuere
625 1117 735 1174 cubilia
750 1117 841 1176 Curua
858 1137 866 1186 3

175 1202 384 1281 Pallentesque
398 1206 531 1264 habitant
544 1208 656 1279 Morbi,
671 1210 823 1284 tristisque
839 1213 997 1283 Senectus,
1099 1213 1159 1270 273

175 1297 212 1356 Et
224 1299 338 1369 Metus,
355 1307 385 1356 et
400 1300 573 1359 malesuada
585 1301 707 1372 Fames,
725 1322 762 1360 ac
774 1305 870 1380 turpis
882 1304 1025 1381 Egestas,

175 1390 338 1448 Terribiles
352 1392 416 1449 visu
432 1392 554 1462 formie3
578 1394 758 1471 Letumque,
773 1394 935 1472 Labosque
952 1415 960 1465 ;

176 1484 250 1542 Turn
262 1486 505 1562 consanguineus
518 1487 585 1545 Leti
601 1490 706 1565 Sopor,
722 1497 752 1547 et
766 1490 845 1547 mala
857 1490 964 1547 mentis

176 1577 294 1636 Gaudia
309 1597 317 1646 ;
341 1579 583 1656 mortiferumque
598 1582 725 1641 adverso
739 1584 768 1640 in
783 1584 882 1641 limine
896 1583 1024 1655 Bellum,

175 1669 339 1746 Ferreique
353 1670 553 1730 Eumenidum
566 1673 697 1746 thalami,
714 1684 744 1732 et
758 1675 920 1734 Discordia
934 1676 1066 1748 demens,
1101 1677 1162 1734 000

176 1761 337 1840 Vipereum
352 1766 466 1822 crinem
480 1766 559 1823 vittis
573 1768 681 1825 innexa
695 1770 836 1828 cruentis.

214 1857 249 1914 ln
263 1858 361 1915 medio
374 1877 474 1916 ramos
489 1879 661 1937 annosaque
675 1864 800 1921 bracbia
815 1863 916 1940 pandit

176 1950 278 2008 Ulmus
294 1970 400 2027 opaca,
417 1953 533 2028 ingens,
549 1973 638 2029 quarn
651 1955 753 2013 sedern
769 1957 889 2014 Somnia
904 1954 995 2034 vulgd

177 2044 264 2102 Vana
277 2051 381 2102 tenere
397 2045 504 2116 ferunt,
519 2046 656 2122 foliisque
671 2050 726 2106 sub
741 2051 877 2107 omnibus
890 2050 1013 2108 haereat.

176 2135 332 2213 Multaque
348 2146 493 2214 praeterea
505 2141 654 2198 variarum
669 2151 800 2200 monstra
814 2143 956 2214 serarum,
1103 2131 1162 2200 288

178 2216 324 2290 Centauri
344 2231 375 2290 in
389 2231 501 2291 foribus
515 2235 676 2305 stabulant,
694 2237 863 2311 Scyllaeque
877 2236 1028 2308 biformes,

177 2325 215 2383 Et
229 2326 486 2402 centumgeminus
500 2326 654 2397 Briareus,
672 2347 706 2386 ac
720 2329 821 2386 bellua
834 2328 944 2386 Lernae

178 2417 368 2476 Horrenddm
382 2419 522 2489 stridens,
538 2420 722 2496 flammisque
738 2429 853 2478 armata
867 2421 1030 2492 Chimaira,

177 2509 344 2589 Gorgones,
360 2512 580 2588 Harpyiaeque,
597 2521 626 2569 et
640 2514 735 2570 forma
748 2513 921 2589 tricorporis
935 2515 1057 2574 umbrae.

176 2602 310 2681 Corripit
323 2604 372 2663 htc
387 2604 488 2663 subitd
501 2606 633 2682 trepidus
648 2605 801 2664 formidine
817 2606 927 2663 serrum
1104 2608 1163 2666 290

178 2696 305 2768 AEneas,
322 2700 515 2774 strictamque
530 2700 626 2756 aciem
641 2700 828 2757 venientibus
842 2700 950 2769 offert3

177 2789 226 2862 Et,
243 2792 273 2848 ni
287 2792 376 2850 docta
389 2811 490 2850 comes
509 2801 616 2850 tenues
630 2794 694 2850 sine
709 2813 835 2869 corpore
850 2794 926 2851 vitas

178 2883 343 2942 Admoneat
358 2886 480 2943 volitare
496 2886 573 2943 caud
586 2888 642 2944 sub
657 2887 786 2963 imagine
802 2886 913 2958 formas,

179 2976 286 3048 lrruat,
303 2987 332 3035 et
347 2977 457 3035 frustra
474 2978 553 3036 ferro
568 2979 736 3037 diverberet
752 2981 880 3039 umbras.

214 3070 298 3129 Hinc
313 3071 371 3141 via,
387 3071 525 3129 Tartarei
540 3092 606 3147 quae
621 3073 677 3129 sert
692 3073 872 3130 Acherontis
887 3072 924 3131 ad
939 3073 1055 3132 undas:
1103 3074 1163 3131 296

177 3163 329 3222 Turbidus
345 3164 394 3221 hic
409 3185 496 3224 coeno
511 3168 654 3241 vastaque
669 3167 812 3243 voragine
826 3186 939 3244 gurges

179 3259 312 3330 AEstuat,
328 3269 418 3335 atque
432 3280 548 3318 omnem
563 3261 680 3337 Cocyto
696 3271 811 3319 eructat
827 3281 959 3320 arenam.

178 3352 307 3410 Portitor
321 3353 376 3409 has
390 3354 555 3410 horrendus
569 3373 665 3429 aquas
679 3362 708 3410 et
723 3354 843 3411 flumina
858 3360 957 3410 servat

178 3445 317 3503 Terribili
332 3447 470 3522 squalore
487 3446 620 3516 Charon,
637 3446 686 3503 cui
707 3446 833 3521 plurima
846 3454 946 3501 mento

178 3539 314 3599 Canities
329 3540 441 3597 inculta
457 3540 539 3614 jacet
556 3558 564 3606 ;
589 3546 667 3602 stant
682 3538 794 3594 lumina
807 3535 927 3594 flammai
942 3555 950 3605 ;
1103 3538 1164 3595 000

180 3632 320 3691 Sordidus
334 3653 371 3691 ex
384 3633 515 3690 humeris
530 3633 607 3689 nodo
621 3631 768 3708 dependet
782 3631 917 3689 amictus.

180 3723 244 3802 lpse
259 3735 353 3783 ratem
368 3735 457 3784 conto
470 3727 590 3803 subigit,
608 3725 741 3800 velisque
756 3725 911 3797 ministrat,

178 3817 214 3876 Et
230 3818 404 3896 ferrugined
417 3819 573 3877 subvectat
588 3837 715 3895 corpora
728 3817 837 3894 cymba
851 3837 858 3886 3

177 3911 244 3970 Jam
258 3913 370 3983 senior,
386 3913 438 3970 sed
453 3913 545 3970 cruda
559 3912 615 3969 deo
629 3912 791 3988 uiridisque
806 3921 956 3972 senectus.

177 4002 247 4063 Huc
263 4006 358 4062 omnis
372 4007 460 4063 turba
474 4006 510 4063 ad
532 4006 612 4082 ripas
626 4006 723 4063 effusa
737 4007 841 4062 ruebat
858 4024 865 4061 :
1103 4005 1163 4063 806

177 4095 291 4156 Matres
305 4108 395 4175 atque
410 4099 475 4169 viri,
491 4099 691 4175 defunctaque
706 4119 833 4176 corpora
846 4096 908 4157 vitai

177 4189 401 4270 Magnanimum
418 4193 553 4262 heroum,
569 4194 664 4269 pueri,
680 4194 871 4269 innuptaque
886 4192 1002 4269 puellm,

179 4281 369 4362 Impositique
384 4286 465 4363 rogis
482 4286 609 4361 juvenes
623 4296 692 4344 ante
707 4306 760 4344 ora
773 4281 929 4364 parentium
945 4305 952 4344 :

179 4375 277 4444 Quam
291 4380 383 4437 multa
398 4380 426 4437 in
440 4380 523 4437 silvis
537 4381 670 4438 autumni
688 4380 798 4458 frigore
813 4381 907 4457 primo

178 4467 277 4549 lapsa
292 4473 402 4530 cadunt
418 4473 488 4531 solia
505 4494 511 4543 ;
536 4483 586 4531 aut
601 4474 637 4530 ad
652 4483 764 4531 terram
777 4475 896 4551 gurgite
912 4474 950 4530 ab
964 4472 1024 4530 alto
1102 4473 1163 4532 ³10

179 4561 278 4630 Quam
290 4567 390 4625 multas
404 4567 608 4646 glomerantur
621 4587 703 4639 aves,
720 4568 769 4625 ubi
784 4567 910 4644 frigidus
923 4584 1019 4624 annm
