<?xml version="1.0" encoding="UTF-8"?>
<!DOCTYPE html PUBLIC "-//W3C//DTD XHTML 1.0 Transitional//EN"
    "http://www.w3.org/TR/xhtml1/DTD/xhtml1-transitional.dtd">
<html xmlns="http://www.w3.org/1999/xhtml" xml:lang="en" lang="en">
 <head>
  <title>
</title>
<meta http-equiv="Content-Type" content="text/html;charset=utf-8" />
  <meta name='ocr-system' content='tesseract 3.04.00' />
  <meta name='ocr-capabilities' content='ocr_page ocr_carea ocr_par ocr_line ocrx_word'/>
</head>
<body>
  <div class='ocr_page' id='page_1' title='image "./pvirgiliimaroni00bowegoog/pvirgiliimaroni00bowegoog_0171.png"; bbox 0 0 2692 5122; ppageno 0'>
   <div class='ocr_carea' id='block_1_1' title="bbox 190 382 919 469">
    <p class='ocr_par' dir='ltr' id='par_1_1' title="bbox 190 382 919 469">
     <span class='ocr_line' id='line_1_1' title="bbox 190 382 919 469; baseline -0.012 -26"><span class='ocrx_word' id='word_1_1' title='bbox 190 459 193 469; x_wconf 29' lang='lat'>¹</span> <span class='ocrx_word' id='word_1_2' title='bbox 224 382 284 452; x_wconf 67' lang='lat' dir='ltr'>son</span> <span class='ocrx_word' id='word_1_3' title='bbox 508 387 534 433; x_wconf 86' lang='lat' dir='ltr'>r.</span> <span class='ocrx_word' id='word_1_4' title='bbox 557 386 722 433; x_wconf 80' lang='lat' dir='ltr'>visorum</span> <span class='ocrx_word' id='word_1_5' title='bbox 745 386 919 435; x_wconf 69' lang='lat' dir='ltr'>nunonis</span> 
     </span>
    </p>
   </div>
   <div class='ocr_carea' id='block_1_2' title="bbox 154 525 1093 3872">
    <p class='ocr_par' dir='ltr' id='par_1_2' title="bbox 222 525 1010 793">
     <span class='ocr_line' id='line_1_2' title="bbox 222 525 995 605; baseline -0.004 -19"><span class='ocrx_word' id='word_1_6' title='bbox 222 527 284 586; x_wconf 84' lang='lat' dir='ltr'>Aut</span> <span class='ocrx_word' id='word_1_7' title='bbox 297 526 552 605; x_wconf 88' lang='lat' dir='ltr'>Agamemnonius</span> <span class='ocrx_word' id='word_1_8' title='bbox 565 525 665 584; x_wconf 87' lang='lat' dir='ltr'>scenis</span> <span class='ocrx_word' id='word_1_9' title='bbox 678 525 808 604; x_wconf 75' lang='lat' dir='ltr'>agitatus</span> <span class='ocrx_word' id='word_1_10' title='bbox 823 525 960 596; x_wconf 89' lang='lat' dir='ltr'>Orestes,</span> <span class='ocrx_word' id='word_1_11' title='bbox 983 558 995 569; x_wconf 92' lang='lat'>-—</span> 
     </span>
     <span class='ocr_line' id='line_1_3' title="bbox 222 618 979 696; baseline -0.003 -18"><span class='ocrx_word' id='word_1_12' title='bbox 222 621 377 679; x_wconf 81' lang='lat' dir='ltr'><strong>Amatam</strong></span> <span class='ocrx_word' id='word_1_13' title='bbox 391 621 507 678; x_wconf 78' lang='lat' dir='ltr'>facibus</span> <span class='ocrx_word' id='word_1_14' title='bbox 524 628 648 677; x_wconf 88' lang='lat' dir='ltr'>matrem</span> <span class='ocrx_word' id='word_1_15' title='bbox 662 626 692 677; x_wconf 88' lang='lat' dir='ltr'>et</span> <span class='ocrx_word' id='word_1_16' title='bbox 705 619 893 696; x_wconf 77' lang='lat' dir='ltr'>serpentibus</span> <span class='ocrx_word' id='word_1_17' title='bbox 907 618 979 677; x_wconf 91' lang='lat' dir='ltr'>atris</span> 
     </span>
     <span class='ocr_line' id='line_1_4' title="bbox 223 711 1010 793; baseline -0.003 -21"><span class='ocrx_word' id='word_1_18' title='bbox 223 712 325 782; x_wconf 80' lang='lat' dir='ltr'>Quum</span> <span class='ocrx_word' id='word_1_19' title='bbox 339 714 425 793; x_wconf 88' lang='lat' dir='ltr'>fugit,</span> <span class='ocrx_word' id='word_1_20' title='bbox 443 714 625 790; x_wconf 80' lang='lat' dir='ltr'>ultricesque</span> <span class='ocrx_word' id='word_1_21' title='bbox 639 711 745 771; x_wconf 86' lang='lat' dir='ltr'>sedent</span> <span class='ocrx_word' id='word_1_22' title='bbox 759 712 789 771; x_wconf 94' lang='lat' dir='ltr'>in</span> <span class='ocrx_word' id='word_1_23' title='bbox 802 713 902 771; x_wconf 90' lang='lat' dir='ltr'>limine</span> <span class='ocrx_word' id='word_1_24' title='bbox 915 712 1010 771; x_wconf 78' lang='lat' dir='ltr'>Dirae.</span> 
     </span>
    </p>

    <p class='ocr_par' dir='ltr' id='par_1_3' title="bbox 154 806 1093 3595">
     <span class='ocr_line' id='line_1_5' title="bbox 261 806 905 885; baseline -0.003 -20"><span class='ocrx_word' id='word_1_25' title='bbox 261 808 345 885; x_wconf 90' lang='lat' dir='ltr'>Ergo</span> <span class='ocrx_word' id='word_1_26' title='bbox 360 808 411 865; x_wconf 91' lang='lat' dir='ltr'>ubi</span> <span class='ocrx_word' id='word_1_27' title='bbox 424 807 561 884; x_wconf 82' lang='lat' dir='ltr'>concepit</span> <span class='ocrx_word' id='word_1_28' title='bbox 576 807 668 864; x_wconf 88' lang='lat' dir='ltr'>furias</span> <span class='ocrx_word' id='word_1_29' title='bbox 683 806 781 864; x_wconf 87' lang='lat' dir='ltr'>evicta</span> <span class='ocrx_word' id='word_1_30' title='bbox 794 806 905 877; x_wconf 89' lang='lat' dir='ltr'>dolore,</span> 
     </span>
     <span class='ocr_line' id='line_1_6' title="bbox 221 899 1044 978; baseline -0.004 -19"><span class='ocrx_word' id='word_1_31' title='bbox 221 900 425 977; x_wconf 86' lang='lat' dir='ltr'>Decrevitque</span> <span class='ocrx_word' id='word_1_32' title='bbox 440 901 524 973; x_wconf 88' lang='lat' dir='ltr'>mori,</span> <span class='ocrx_word' id='word_1_33' title='bbox 540 909 656 978; x_wconf 88' lang='lat' dir='ltr'>tempus</span> <span class='ocrx_word' id='word_1_34' title='bbox 670 919 774 958; x_wconf 89' lang='lat' dir='ltr'>secum</span> <span class='ocrx_word' id='word_1_35' title='bbox 786 900 852 978; x_wconf 87' lang='lat' dir='ltr'>ipsa</span> <span class='ocrx_word' id='word_1_36' title='bbox 866 899 1044 976; x_wconf 86' lang='lat' dir='ltr'>modumque</span> 
     </span>
     <span class='ocr_line' id='line_1_7' title="bbox 221 993 949 1073; baseline -0.004 -19"><span class='ocrx_word' id='word_1_37' title='bbox 221 994 335 1073; x_wconf 79' lang='lat' dir='ltr'>Exigit,</span> <span class='ocrx_word' id='word_1_38' title='bbox 351 1002 381 1053; x_wconf 88' lang='lat' dir='ltr'>et</span> <span class='ocrx_word' id='word_1_39' title='bbox 395 1004 531 1054; x_wconf 86' lang='lat' dir='ltr'>moestam</span> <span class='ocrx_word' id='word_1_40' title='bbox 546 993 633 1052; x_wconf 91' lang='lat' dir='ltr'>dictis</span> <span class='ocrx_word' id='word_1_41' title='bbox 647 1013 794 1072; x_wconf 88' lang='lat' dir='ltr'>aggressa</span> <span class='ocrx_word' id='word_1_42' title='bbox 806 1012 949 1064; x_wconf 88' lang='lat' dir='ltr'>sororem,</span> 
     </span>
     <span class='ocr_line' id='line_1_8' title="bbox 221 1086 996 1166; baseline -0.004 -19"><span class='ocrx_word' id='word_1_43' title='bbox 221 1086 387 1147; x_wconf 86' lang='lat' dir='ltr'>Consilium</span> <span class='ocrx_word' id='word_1_44' title='bbox 403 1088 485 1147; x_wconf 86' lang='lat' dir='ltr'>vultu</span> <span class='ocrx_word' id='word_1_45' title='bbox 499 1087 584 1166; x_wconf 89' lang='lat' dir='ltr'>tegit,</span> <span class='ocrx_word' id='word_1_46' title='bbox 599 1106 635 1145; x_wconf 90' lang='lat' dir='ltr'>ac</span> <span class='ocrx_word' id='word_1_47' title='bbox 649 1107 731 1165; x_wconf 91' lang='lat' dir='ltr'>spem</span> <span class='ocrx_word' id='word_1_48' title='bbox 746 1087 841 1145; x_wconf 85' lang='lat' dir='ltr'>fronte</span> <span class='ocrx_word' id='word_1_49' title='bbox 855 1094 996 1145; x_wconf 77' lang='lat' dir='ltr'>serenat:</span> 
     </span>
     <span class='ocr_line' id='line_1_9' title="bbox 221 1180 891 1259; baseline 0.001 -21"><span class='ocrx_word' id='word_1_50' title='bbox 221 1180 335 1253; x_wconf 90' lang='lat' dir='ltr'>Inveni,</span> <span class='ocrx_word' id='word_1_51' title='bbox 352 1201 507 1259; x_wconf 88' lang='lat' dir='ltr'>germana,</span> <span class='ocrx_word' id='word_1_52' title='bbox 525 1181 613 1252; x_wconf 86' lang='lat' dir='ltr'>viam,</span> <span class='ocrx_word' id='word_1_53' title='bbox 631 1180 765 1259; x_wconf 86' lang='lat' dir='ltr'>(gratare</span> <span class='ocrx_word' id='word_1_54' title='bbox 780 1182 891 1258; x_wconf 89' lang='lat' dir='ltr'>sorori)</span> 
     </span>
     <span class='ocr_line' id='line_1_10' title="bbox 220 1274 1050 1345; baseline 0 -12"><span class='ocrx_word' id='word_1_55' title='bbox 220 1274 298 1342; x_wconf 77' lang='lat' dir='ltr'>Qun</span> <span class='ocrx_word' id='word_1_56' title='bbox 312 1274 383 1333; x_wconf 92' lang='lat' dir='ltr'>mibi</span> <span class='ocrx_word' id='word_1_57' title='bbox 396 1275 505 1333; x_wconf 88' lang='lat' dir='ltr'>reddat·</span> <span class='ocrx_word' id='word_1_58' title='bbox 515 1293 594 1345; x_wconf 91' lang='lat' dir='ltr'>eum,</span> <span class='ocrx_word' id='word_1_59' title='bbox 611 1275 659 1333; x_wconf 87' lang='lat' dir='ltr'>vel</span> <span class='ocrx_word' id='word_1_60' title='bbox 673 1293 709 1332; x_wconf 89' lang='lat' dir='ltr'>eo</span> <span class='ocrx_word' id='word_1_61' title='bbox 723 1294 770 1332; x_wconf 92' lang='lat' dir='ltr'>me</span> <span class='ocrx_word' id='word_1_62' title='bbox 785 1275 880 1332; x_wconf 83' lang='lat' dir='ltr'>solvat</span> <span class='ocrx_word' id='word_1_63' title='bbox 895 1283 1050 1334; x_wconf 90' lang='lat' dir='ltr'>amantem.</span> 
     </span>
     <span class='ocr_line' id='line_1_11' title="bbox 219 1367 888 1444; baseline -0.004 -17"><span class='ocrx_word' id='word_1_64' title='bbox 219 1368 335 1428; x_wconf 85' lang='lat' dir='ltr'>Oceani</span> <span class='ocrx_word' id='word_1_65' title='bbox 349 1369 436 1427; x_wconf 87' lang='lat' dir='ltr'>finem</span> <span class='ocrx_word' id='word_1_66' title='bbox 453 1368 540 1444; x_wconf 85' lang='lat' dir='ltr'>juxta</span> <span class='ocrx_word' id='word_1_67' title='bbox 553 1367 705 1444; x_wconf 87' lang='lat' dir='ltr'>solemque</span> <span class='ocrx_word' id='word_1_68' title='bbox 720 1367 888 1439; x_wconf 87' lang='lat' dir='ltr'>cadentem,</span> 
     </span>
     <span class='ocr_line' id='line_1_12' title="bbox 219 1460 1036 1538; baseline 0.001 -19"><span class='ocrx_word' id='word_1_69' title='bbox 219 1461 347 1520; x_wconf 89' lang='lat' dir='ltr'>Ultimus</span> <span class='ocrx_word' id='word_1_70' title='bbox 360 1461 538 1538; x_wconf 86' lang='lat' dir='ltr'>AEthiopum</span> <span class='ocrx_word' id='word_1_71' title='bbox 553 1461 637 1519; x_wconf 91' lang='lat' dir='ltr'>locus</span> <span class='ocrx_word' id='word_1_72' title='bbox 651 1470 706 1531; x_wconf 88' lang='lat' dir='ltr'>est,</span> <span class='ocrx_word' id='word_1_73' title='bbox 724 1460 775 1518; x_wconf 91' lang='lat' dir='ltr'>ubi</span> <span class='ocrx_word' id='word_1_74' title='bbox 789 1461 934 1519; x_wconf 85' lang='lat' dir='ltr'>maximos</span> <span class='ocrx_word' id='word_1_75' title='bbox 947 1461 1036 1520; x_wconf 86' lang='lat' dir='ltr'>Atlas</span> 
     </span>
     <span class='ocr_line' id='line_1_13' title="bbox 218 1553 1006 1632; baseline 0.001 -20"><span class='ocrx_word' id='word_1_76' title='bbox 218 1555 314 1613; x_wconf 84' lang='lat' dir='ltr'>Axem</span> <span class='ocrx_word' id='word_1_77' title='bbox 328 1556 451 1612; x_wconf 91' lang='lat' dir='ltr'>humero</span> <span class='ocrx_word' id='word_1_78' title='bbox 465 1562 583 1631; x_wconf 84' lang='lat' dir='ltr'>torquet</span> <span class='ocrx_word' id='word_1_79' title='bbox 597 1554 691 1612; x_wconf 87' lang='lat' dir='ltr'>stellis</span> <span class='ocrx_word' id='word_1_80' title='bbox 706 1553 878 1612; x_wconf 89' lang='lat' dir='ltr'>ardentibus</span> <span class='ocrx_word' id='word_1_81' title='bbox 896 1562 1006 1632; x_wconf 88' lang='lat' dir='ltr'>aptum.</span> 
     </span>
     <span class='ocr_line' id='line_1_14' title="bbox 218 1647 997 1724; baseline -0.001 -18"><span class='ocrx_word' id='word_1_82' title='bbox 218 1647 301 1706; x_wconf 90' lang='lat' dir='ltr'>Hinc</span> <span class='ocrx_word' id='word_1_83' title='bbox 314 1647 385 1706; x_wconf 92' lang='lat' dir='ltr'>mihi</span> <span class='ocrx_word' id='word_1_84' title='bbox 398 1647 542 1724; x_wconf 79' lang='lat' dir='ltr'>Massylae</span> <span class='ocrx_word' id='word_1_85' title='bbox 556 1647 654 1724; x_wconf 91' lang='lat' dir='ltr'>gentis</span> <span class='ocrx_word' id='word_1_86' title='bbox 667 1654 831 1704; x_wconf 90' lang='lat' dir='ltr'>monstrata</span> <span class='ocrx_word' id='word_1_87' title='bbox 845 1648 997 1719; x_wconf 80' lang='lat' dir='ltr'>sacerdos,</span> 
     </span>
     <span class='ocr_line' id='line_1_15' title="bbox 217 1740 980 1819; baseline -0.004 -19"><span class='ocrx_word' id='word_1_88' title='bbox 217 1741 421 1819; x_wconf 85' lang='lat' dir='ltr'>Hesperidum</span> <span class='ocrx_word' id='word_1_89' title='bbox 435 1740 535 1817; x_wconf 89' lang='lat' dir='ltr'>templi</span> <span class='ocrx_word' id='word_1_90' title='bbox 549 1749 660 1812; x_wconf 91' lang='lat' dir='ltr'>custos,</span> <span class='ocrx_word' id='word_1_91' title='bbox 678 1740 842 1817; x_wconf 88' lang='lat' dir='ltr'>epulasque</span> <span class='ocrx_word' id='word_1_92' title='bbox 856 1740 980 1798; x_wconf 88' lang='lat' dir='ltr'>draconi</span> 
     </span>
     <span class='ocr_line' id='line_1_16' title="bbox 217 1833 1017 1907; baseline -0.003 -13"><span class='ocrx_word' id='word_1_93' title='bbox 217 1835 295 1903; x_wconf 73' lang='lat' dir='ltr'>Quae</span> <span class='ocrx_word' id='word_1_94' title='bbox 310 1836 409 1907; x_wconf 87' lang='lat' dir='ltr'>dabat,</span> <span class='ocrx_word' id='word_1_95' title='bbox 427 1844 457 1892; x_wconf 88' lang='lat' dir='ltr'>et</span> <span class='ocrx_word' id='word_1_96' title='bbox 470 1854 574 1893; x_wconf 90' lang='lat' dir='ltr'>sacros</span> <span class='ocrx_word' id='word_1_97' title='bbox 588 1835 728 1892; x_wconf 84' lang='lat' dir='ltr'>servabat</span> <span class='ocrx_word' id='word_1_98' title='bbox 742 1833 772 1891; x_wconf 93' lang='lat' dir='ltr'>in</span> <span class='ocrx_word' id='word_1_99' title='bbox 787 1836 894 1891; x_wconf 89' lang='lat' dir='ltr'>arbore</span> <span class='ocrx_word' id='word_1_100' title='bbox 908 1853 1017 1906; x_wconf 91' lang='lat' dir='ltr'>ramos,</span> 
     </span>
     <span class='ocr_line' id='line_1_17' title="bbox 217 1929 1031 2010; baseline -0.002 -19"><span class='ocrx_word' id='word_1_101' title='bbox 217 1933 369 2010; x_wconf 90' lang='lat' dir='ltr'>Spargens</span> <span class='ocrx_word' id='word_1_102' title='bbox 383 1931 504 1990; x_wconf 91' lang='lat' dir='ltr'>humida</span> <span class='ocrx_word' id='word_1_103' title='bbox 517 1931 606 1989; x_wconf 89' lang='lat' dir='ltr'>mella</span> <span class='ocrx_word' id='word_1_104' title='bbox 620 1929 875 2007; x_wconf 85' lang='lat' dir='ltr'>soporiferumque</span> <span class='ocrx_word' id='word_1_105' title='bbox 890 1949 1031 2008; x_wconf 86' lang='lat' dir='ltr'>papaver.</span> 
     </span>
     <span class='ocr_line' id='line_1_18' title="bbox 215 2023 954 2101; baseline -0.003 -16"><span class='ocrx_word' id='word_1_106' title='bbox 215 2024 295 2084; x_wconf 85' lang='lat' dir='ltr'>Haec</span> <span class='ocrx_word' id='word_1_107' title='bbox 309 2046 342 2085; x_wconf 90' lang='lat' dir='ltr'>se</span> <span class='ocrx_word' id='word_1_108' title='bbox 358 2025 540 2084; x_wconf 90' lang='lat' dir='ltr'>carminibus</span> <span class='ocrx_word' id='word_1_109' title='bbox 554 2023 694 2101; x_wconf 87' lang='lat' dir='ltr'>promittit</span> <span class='ocrx_word' id='word_1_110' title='bbox 708 2023 825 2082; x_wconf 86' lang='lat' dir='ltr'>solvere</span> <span class='ocrx_word' id='word_1_111' title='bbox 839 2032 954 2083; x_wconf 89' lang='lat' dir='ltr'>mentes</span> 
     </span>
     <span class='ocr_line' id='line_1_19' title="bbox 216 2117 940 2189; baseline -0.001 -12"><span class='ocrx_word' id='word_1_112' title='bbox 216 2117 303 2187; x_wconf 76' lang='lat' dir='ltr'>Quas</span> <span class='ocrx_word' id='word_1_113' title='bbox 317 2119 396 2189; x_wconf 88' lang='lat' dir='ltr'>velit,</span> <span class='ocrx_word' id='word_1_114' title='bbox 415 2128 461 2176; x_wconf 87' lang='lat' dir='ltr'>ast</span> <span class='ocrx_word' id='word_1_115' title='bbox 475 2118 542 2176; x_wconf 87' lang='lat' dir='ltr'>aliis</span> <span class='ocrx_word' id='word_1_116' title='bbox 555 2118 646 2177; x_wconf 87' lang='lat' dir='ltr'>duras</span> <span class='ocrx_word' id='word_1_117' title='bbox 660 2117 815 2175; x_wconf 88' lang='lat' dir='ltr'>immittere</span> <span class='ocrx_word' id='word_1_118' title='bbox 830 2136 919 2176; x_wconf 90' lang='lat' dir='ltr'>curas</span> <span class='ocrx_word' id='word_1_119' title='bbox 932 2137 940 2189; x_wconf 91' lang='lat'>;</span> 
     </span>
     <span class='ocr_line' id='line_1_20' title="bbox 216 2210 980 2288; baseline -0.003 -17"><span class='ocrx_word' id='word_1_120' title='bbox 216 2213 327 2272; x_wconf 88' lang='lat' dir='ltr'>Sistere</span> <span class='ocrx_word' id='word_1_121' title='bbox 343 2231 451 2288; x_wconf 84' lang='lat' dir='ltr'>uquam</span> <span class='ocrx_word' id='word_1_122' title='bbox 465 2211 573 2282; x_wconf 85' lang='lat' dir='ltr'>fluviis,</span> <span class='ocrx_word' id='word_1_123' title='bbox 591 2220 620 2269; x_wconf 82' lang='lat' dir='ltr'>et</span> <span class='ocrx_word' id='word_1_124' title='bbox 634 2221 751 2270; x_wconf 86' lang='lat' dir='ltr'>vertere</span> <span class='ocrx_word' id='word_1_125' title='bbox 764 2210 864 2268; x_wconf 91' lang='lat' dir='ltr'>sidera</span> <span class='ocrx_word' id='word_1_126' title='bbox 876 2219 956 2271; x_wconf 84' lang='lat' dir='ltr'>retro</span> <span class='ocrx_word' id='word_1_127' title='bbox 972 2231 980 2269; x_wconf 75' lang='grc' dir='ltr'><em>τ</em></span> 
     </span>
     <span class='ocr_line' id='line_1_21' title="bbox 216 2305 927 2382; baseline -0.004 -17"><span class='ocrx_word' id='word_1_128' title='bbox 216 2306 446 2382; x_wconf 89' lang='lat' dir='ltr'>Nocturnosque</span> <span class='ocrx_word' id='word_1_129' title='bbox 462 2307 520 2364; x_wconf 88' lang='lat' dir='ltr'>ciet</span> <span class='ocrx_word' id='word_1_130' title='bbox 534 2306 662 2364; x_wconf 80' lang='lat' dir='ltr'>Manes:</span> <span class='ocrx_word' id='word_1_131' title='bbox 684 2305 799 2382; x_wconf 87' lang='lat' dir='ltr'>mugire</span> <span class='ocrx_word' id='word_1_132' title='bbox 813 2305 927 2363; x_wconf 83' lang='lat' dir='ltr'>videbis</span> 
     </span>
     <span class='ocr_line' id='line_1_22' title="bbox 216 2398 1069 2475; baseline 0.005 -18"><span class='ocrx_word' id='word_1_133' title='bbox 216 2401 277 2457; x_wconf 90' lang='lat' dir='ltr'>Sub</span> <span class='ocrx_word' id='word_1_134' title='bbox 292 2399 416 2475; x_wconf 91' lang='lat' dir='ltr'>pedibus</span> <span class='ocrx_word' id='word_1_135' title='bbox 430 2408 552 2470; x_wconf 85' lang='lat' dir='ltr'>terram,</span> <span class='ocrx_word' id='word_1_136' title='bbox 567 2407 597 2456; x_wconf 86' lang='lat' dir='ltr'>et</span> <span class='ocrx_word' id='word_1_137' title='bbox 611 2398 794 2456; x_wconf 88' lang='lat' dir='ltr'>descendere</span> <span class='ocrx_word' id='word_1_138' title='bbox 808 2399 957 2457; x_wconf 87' lang='lat' dir='ltr'>montibus</span> <span class='ocrx_word' id='word_1_139' title='bbox 971 2419 1069 2462; x_wconf 88' lang='lat' dir='ltr'>ornos.</span> 
     </span>
     <span class='ocr_line' id='line_1_23' title="bbox 215 2489 966 2570; baseline 0.003 -20"><span class='ocrx_word' id='word_1_140' title='bbox 215 2489 334 2563; x_wconf 87' lang='lat' dir='ltr'>Testor,</span> <span class='ocrx_word' id='word_1_141' title='bbox 350 2511 433 2563; x_wconf 86' lang='lat' dir='ltr'>cara,</span> <span class='ocrx_word' id='word_1_142' title='bbox 450 2491 532 2563; x_wconf 92' lang='lat' dir='ltr'>deos,</span> <span class='ocrx_word' id='word_1_143' title='bbox 547 2499 576 2549; x_wconf 88' lang='lat' dir='ltr'>et</span> <span class='ocrx_word' id='word_1_144' title='bbox 595 2499 636 2562; x_wconf 91' lang='lat' dir='ltr'>te,</span> <span class='ocrx_word' id='word_1_145' title='bbox 653 2510 807 2569; x_wconf 88' lang='lat' dir='ltr'>germana,</span> <span class='ocrx_word' id='word_1_146' title='bbox 822 2500 966 2570; x_wconf 88' lang='lat' dir='ltr'>tuumque</span> 
     </span>
     <span class='ocr_line' id='line_1_24' title="bbox 214 2584 983 2662; baseline 0.004 -20"><span class='ocrx_word' id='word_1_147' title='bbox 214 2584 313 2643; x_wconf 92' lang='lat' dir='ltr'>Dulce</span> <span class='ocrx_word' id='word_1_148' title='bbox 327 2594 427 2662; x_wconf 89' lang='lat' dir='ltr'>capot,</span> <span class='ocrx_word' id='word_1_149' title='bbox 444 2585 577 2662; x_wconf 90' lang='lat' dir='ltr'>magicas</span> <span class='ocrx_word' id='word_1_150' title='bbox 591 2584 711 2641; x_wconf 84' lang='lat' dir='ltr'>invitum</span> <span class='ocrx_word' id='word_1_151' title='bbox 726 2584 879 2662; x_wconf 82' lang='lat' dir='ltr'>accingier</span> <span class='ocrx_word' id='word_1_152' title='bbox 893 2595 983 2646; x_wconf 85' lang='lat' dir='ltr'>artes.</span> 
     </span>
     <span class='ocr_line' id='line_1_25' title="bbox 214 2677 936 2755; baseline 0.001 -19"><span class='ocrx_word' id='word_1_153' title='bbox 214 2678 262 2736; x_wconf 86' lang='lat' dir='ltr'>Tu</span> <span class='ocrx_word' id='word_1_154' title='bbox 276 2688 395 2736; x_wconf 87' lang='lat' dir='ltr'>secreta</span> <span class='ocrx_word' id='word_1_155' title='bbox 410 2697 512 2755; x_wconf 83' lang='lat' dir='ltr'>pyram</span> <span class='ocrx_word' id='word_1_156' title='bbox 527 2685 606 2734; x_wconf 89' lang='lat' dir='ltr'>tecto</span> <span class='ocrx_word' id='word_1_157' title='bbox 621 2677 760 2735; x_wconf 89' lang='lat' dir='ltr'>interiore</span> <span class='ocrx_word' id='word_1_158' title='bbox 775 2679 830 2735; x_wconf 91' lang='lat' dir='ltr'>sub</span> <span class='ocrx_word' id='word_1_159' title='bbox 846 2698 936 2737; x_wconf 83' lang='lat' dir='ltr'>auras</span> 
     </span>
     <span class='ocr_line' id='line_1_26' title="bbox 213 2770 996 2849; baseline 0.003 -19"><span class='ocrx_word' id='word_1_160' title='bbox 213 2770 330 2849; x_wconf 83' lang='lat' dir='ltr'>Erige;</span> <span class='ocrx_word' id='word_1_161' title='bbox 354 2781 384 2829; x_wconf 88' lang='lat' dir='ltr'>et</span> <span class='ocrx_word' id='word_1_162' title='bbox 398 2790 482 2829; x_wconf 91' lang='lat' dir='ltr'>arma</span> <span class='ocrx_word' id='word_1_163' title='bbox 495 2770 561 2841; x_wconf 84' lang='lat' dir='ltr'>viri,</span> <span class='ocrx_word' id='word_1_164' title='bbox 578 2771 708 2828; x_wconf 86' lang='lat' dir='ltr'>thalamo</span> <span class='ocrx_word' id='word_1_165' title='bbox 723 2791 789 2846; x_wconf 84' lang='lat' dir='ltr'>quae</span> <span class='ocrx_word' id='word_1_166' title='bbox 804 2771 862 2829; x_wconf 87' lang='lat' dir='ltr'>fixa</span> <span class='ocrx_word' id='word_1_167' title='bbox 877 2772 996 2849; x_wconf 91' lang='lat' dir='ltr'>reliquit</span> 
     </span>
     <span class='ocr_line' id='line_1_27' title="bbox 215 2865 1011 2944; baseline 0.001 -19"><span class='ocrx_word' id='word_1_168' title='bbox 215 2866 335 2944; x_wconf 91' lang='lat' dir='ltr'>Impius,</span> <span class='ocrx_word' id='word_1_169' title='bbox 352 2865 535 2940; x_wconf 79' lang='lat' dir='ltr'>exuviasque</span> <span class='ocrx_word' id='word_1_170' title='bbox 550 2884 663 2937; x_wconf 86' lang='lat' dir='ltr'>omnes,</span> <span class='ocrx_word' id='word_1_171' title='bbox 680 2865 849 2941; x_wconf 88' lang='lat' dir='ltr'>lectumque</span> <span class='ocrx_word' id='word_1_172' title='bbox 867 2866 1011 2944; x_wconf 87' lang='lat' dir='ltr'>jugalem,</span> 
     </span>
     <span class='ocr_line' id='line_1_28' title="bbox 214 2958 941 3039; baseline -0.004 -20"><span class='ocrx_word' id='word_1_173' title='bbox 214 2960 284 3028; x_wconf 83' lang='lat' dir='ltr'>Quo</span> <span class='ocrx_word' id='word_1_174' title='bbox 299 2960 383 3039; x_wconf 89' lang='lat' dir='ltr'>perii,</span> <span class='ocrx_word' id='word_1_175' title='bbox 400 2958 634 3036; x_wconf 87' lang='lat' dir='ltr'>superimponas.</span> <span class='ocrx_word' id='word_1_176' title='bbox 676 2960 807 3017; x_wconf 87' lang='lat' dir='ltr'>Abolere</span> <span class='ocrx_word' id='word_1_177' title='bbox 822 2960 941 3017; x_wconf 82' lang='lat' dir='ltr'>nefandi</span> 
     </span>
     <span class='ocr_line' id='line_1_29' title="bbox 214 3051 1093 3129; baseline -0.001 -15"><span class='ocrx_word' id='word_1_178' title='bbox 214 3053 334 3114; x_wconf 85' lang='lat' dir='ltr'>Cuncta</span> <span class='ocrx_word' id='word_1_179' title='bbox 348 3053 403 3111; x_wconf 87' lang='lat' dir='ltr'>viri</span> <span class='ocrx_word' id='word_1_180' title='bbox 417 3060 607 3110; x_wconf 90' lang='lat' dir='ltr'>monumenta</span> <span class='ocrx_word' id='word_1_181' title='bbox 623 3052 708 3127; x_wconf 89' lang='lat' dir='ltr'>jubet</span> <span class='ocrx_word' id='word_1_182' title='bbox 723 3061 926 3129; x_wconf 84' lang='lat' dir='ltr'>monstratque</span> <span class='ocrx_word' id='word_1_183' title='bbox 941 3051 1093 3113; x_wconf 78' lang='lat' dir='ltr'>sacerdos.</span> 
     </span>
     <span class='ocr_line' id='line_1_30' title="bbox 212 3144 950 3223; baseline -0.001 -18"><span class='ocrx_word' id='word_1_184' title='bbox 212 3147 291 3207; x_wconf 80' lang='lat' dir='ltr'>Haec</span> <span class='ocrx_word' id='word_1_185' title='bbox 306 3148 397 3205; x_wconf 84' lang='lat' dir='ltr'>effata</span> <span class='ocrx_word' id='word_1_186' title='bbox 412 3146 488 3204; x_wconf 89' lang='lat' dir='ltr'>silet.</span> <span class='ocrx_word' id='word_1_187' title='bbox 530 3145 632 3203; x_wconf 92' lang='lat' dir='ltr'>Pallor</span> <span class='ocrx_word' id='word_1_188' title='bbox 647 3144 733 3202; x_wconf 89' lang='lat' dir='ltr'>simul</span> <span class='ocrx_word' id='word_1_189' title='bbox 748 3155 874 3223; x_wconf 87' lang='lat' dir='ltr'>occupat</span> <span class='ocrx_word' id='word_1_190' title='bbox 889 3165 950 3204; x_wconf 92' lang='lat' dir='ltr'>ora.</span> 
     </span>
     <span class='ocr_line' id='line_1_31' title="bbox 212 3239 1002 3314; baseline -0.001 -15"><span class='ocrx_word' id='word_1_191' title='bbox 212 3240 281 3300; x_wconf 86' lang='lat' dir='ltr'>Non</span> <span class='ocrx_word' id='word_1_192' title='bbox 295 3251 394 3298; x_wconf 88' lang='lat' dir='ltr'>tamen</span> <span class='ocrx_word' id='word_1_193' title='bbox 409 3241 497 3296; x_wconf 88' lang='lat' dir='ltr'>Anna</span> <span class='ocrx_word' id='word_1_194' title='bbox 512 3239 596 3296; x_wconf 85' lang='lat' dir='ltr'>novis</span> <span class='ocrx_word' id='word_1_195' title='bbox 610 3246 774 3314; x_wconf 67' lang='lat' dir='ltr'>praetexere</span> <span class='ocrx_word' id='word_1_196' title='bbox 789 3239 895 3297; x_wconf 89' lang='lat' dir='ltr'>funera</span> <span class='ocrx_word' id='word_1_197' title='bbox 908 3239 1002 3299; x_wconf 90' lang='lat' dir='ltr'>sacris</span> 
     </span>
     <span class='ocr_line' id='line_1_32' title="bbox 212 3332 941 3400; baseline 0 -10"><span class='ocrx_word' id='word_1_198' title='bbox 212 3332 395 3391; x_wconf 79' lang='lat' dir='ltr'>Germanum</span> <span class='ocrx_word' id='word_1_199' title='bbox 410 3332 513 3400; x_wconf 89' lang='lat' dir='ltr'>credit,</span> <span class='ocrx_word' id='word_1_200' title='bbox 531 3338 698 3387; x_wconf 82' lang='lat' dir='ltr'>nectentes</span> <span class='ocrx_word' id='word_1_201' title='bbox 712 3340 811 3388; x_wconf 88' lang='lat' dir='ltr'>mente</span> <span class='ocrx_word' id='word_1_202' title='bbox 826 3332 941 3390; x_wconf 87' lang='lat' dir='ltr'>furores</span> 
     </span>
     <span class='ocr_line' id='line_1_33' title="bbox 154 3421 1034 3504; baseline 0 -20"><span class='ocrx_word' id='word_1_203' title='bbox 154 3498 157 3504; x_wconf 23' lang='grc' dir='ltr'>Ι</span> <span class='ocrx_word' id='word_1_204' title='bbox 212 3424 362 3502; x_wconf 90' lang='lat' dir='ltr'>Concipit,</span> <span class='ocrx_word' id='word_1_205' title='bbox 380 3432 430 3481; x_wconf 89' lang='lat' dir='ltr'>aut</span> <span class='ocrx_word' id='word_1_206' title='bbox 444 3423 585 3500; x_wconf 84' lang='lat' dir='ltr'>graviora</span> <span class='ocrx_word' id='word_1_207' title='bbox 598 3421 680 3479; x_wconf 88' lang='lat' dir='ltr'>timet</span> <span class='ocrx_word' id='word_1_208' title='bbox 695 3424 785 3498; x_wconf 69' lang='lat' dir='ltr'>quim</span> <span class='ocrx_word' id='word_1_209' title='bbox 798 3433 891 3483; x_wconf 89' lang='lat' dir='ltr'>morte</span> <span class='ocrx_word' id='word_1_210' title='bbox 907 3425 1034 3502; x_wconf 82' lang='lat' dir='ltr'>Sychaei.</span> 
     </span>
     <span class='ocr_line' id='line_1_34' title="bbox 210 3506 562 3595; baseline -0.017 -17"><span class='ocrx_word' id='word_1_211' title='bbox 210 3519 295 3595; x_wconf 84' lang='lat' dir='ltr'>Ergo</span> <span class='ocrx_word' id='word_1_212' title='bbox 314 3518 400 3593; x_wconf 89' lang='lat' dir='ltr'>jussa</span> <span class='ocrx_word' id='word_1_213' title='bbox 414 3523 507 3593; x_wconf 78' lang='lat' dir='ltr'>purat.</span> <span class='ocrx_word' id='word_1_214' title='bbox 532 3506 562 3565; x_wconf 68' lang='lat' dir='ltr'>..l</span> 
     </span>
    </p>

    <p class='ocr_par' dir='ltr' id='par_1_4' title="bbox 209 3608 973 3872">
     <span class='ocr_line' id='line_1_35' title="bbox 250 3608 973 3688; baseline 0.003 -20"><span class='ocrx_word' id='word_1_215' title='bbox 250 3613 289 3668; x_wconf 89' lang='lat' dir='ltr'>At</span> <span class='ocrx_word' id='word_1_216' title='bbox 303 3610 420 3688; x_wconf 89' lang='lat' dir='ltr'>regina,</span> <span class='ocrx_word' id='word_1_217' title='bbox 437 3608 512 3686; x_wconf 64' lang='lat' dir='ltr'>pyri</span> <span class='ocrx_word' id='word_1_218' title='bbox 525 3608 669 3684; x_wconf 88' lang='lat' dir='ltr'>penetrali</span> <span class='ocrx_word' id='word_1_219' title='bbox 684 3609 799 3668; x_wconf 91' lang='lat' dir='ltr'>insede</span> <span class='ocrx_word' id='word_1_220' title='bbox 814 3612 868 3668; x_wconf 86' lang='lat' dir='ltr'>sub</span> <span class='ocrx_word' id='word_1_221' title='bbox 883 3630 973 3670; x_wconf 82' lang='lat' dir='ltr'>auras</span> 
     </span>
     <span class='ocr_line' id='line_1_36' title="bbox 209 3702 855 3781; baseline -0.002 -18"><span class='ocrx_word' id='word_1_222' title='bbox 209 3704 322 3763; x_wconf 69' lang='lat' dir='ltr'>Erectis</span> <span class='ocrx_word' id='word_1_223' title='bbox 337 3702 459 3781; x_wconf 87' lang='lat' dir='ltr'>ingenti,</span> <span class='ocrx_word' id='word_1_224' title='bbox 477 3703 561 3760; x_wconf 72' lang='lat' dir='ltr'>taedis</span> <span class='ocrx_word' id='word_1_225' title='bbox 576 3711 664 3778; x_wconf 83' lang='lat' dir='ltr'>etque</span> <span class='ocrx_word' id='word_1_226' title='bbox 679 3703 746 3762; x_wconf 92' lang='lat' dir='ltr'>ilice</span> <span class='ocrx_word' id='word_1_227' title='bbox 761 3703 855 3776; x_wconf 67' lang='lat' dir='ltr'>secti,</span> 
     </span>
     <span class='ocr_line' id='line_1_37' title="bbox 210 3797 925 3872; baseline 0 -16"><span class='ocrx_word' id='word_1_228' title='bbox 210 3798 397 3872; x_wconf 87' lang='lat' dir='ltr'>lntenditque</span> <span class='ocrx_word' id='word_1_229' title='bbox 413 3797 511 3853; x_wconf 92' lang='lat' dir='ltr'>locum</span> <span class='ocrx_word' id='word_1_230' title='bbox 524 3797 623 3867; x_wconf 89' lang='lat' dir='ltr'>sertis,</span> <span class='ocrx_word' id='word_1_231' title='bbox 640 3805 668 3855; x_wconf 88' lang='lat' dir='ltr'>et</span> <span class='ocrx_word' id='word_1_232' title='bbox 684 3797 787 3855; x_wconf 90' lang='lat' dir='ltr'>fronde</span> <span class='ocrx_word' id='word_1_233' title='bbox 801 3806 925 3856; x_wconf 88' lang='lat' dir='ltr'>coronat</span> 
     </span>
    </p>
   </div>
   <div class='ocr_carea' id='block_1_3' title="bbox 101 3882 1015 3969">
    <p class='ocr_par' dir='ltr' id='par_1_5' title="bbox 101 3882 1015 3969">
     <span class='ocr_line' id='line_1_38' title="bbox 101 3882 1015 3969; baseline -0.003 -19"><span class='ocrx_word' id='word_1_234' title='bbox 101 3882 104 3887; x_wconf 37' lang='lat'><strong>⁴</strong></span> <span class='ocrx_word' id='word_1_235' title='bbox 208 3891 369 3951; x_wconf 68' lang='lat' dir='ltr'>Funered:</span> <span class='ocrx_word' id='word_1_236' title='bbox 393 3911 484 3969; x_wconf 88' lang='lat' dir='ltr'>super</span> <span class='ocrx_word' id='word_1_237' title='bbox 495 3893 628 3965; x_wconf 86' lang='lat' dir='ltr'>exuvias,</span> <span class='ocrx_word' id='word_1_238' title='bbox 646 3913 807 3969; x_wconf 89' lang='lat' dir='ltr'>ensemque</span> <span class='ocrx_word' id='word_1_239' title='bbox 821 3895 968 3968; x_wconf 82' lang='lat' dir='ltr'>relictum,</span> <span class='ocrx_word' id='word_1_240' title='bbox 1011 3936 1015 3947; x_wconf 85' lang='lat'>.</span> 
     </span>
    </p>
   </div>
   <div class='ocr_carea' id='block_1_4' title="bbox 206 3985 1199 4253">
    <p class='ocr_par' dir='ltr' id='par_1_6' title="bbox 206 3985 1199 4253">
     <span class='ocr_line' id='line_1_39' title="bbox 207 3985 917 4064; baseline 0 -19"><span class='ocrx_word' id='word_1_241' title='bbox 207 3985 407 4063; x_wconf 85' lang='lat' dir='ltr'>Effigiemque</span> <span class='ocrx_word' id='word_1_242' title='bbox 419 3993 485 4043; x_wconf 92' lang='lat' dir='ltr'>toro</span> <span class='ocrx_word' id='word_1_243' title='bbox 499 3986 588 4057; x_wconf 93' lang='lat' dir='ltr'>locat,</span> <span class='ocrx_word' id='word_1_244' title='bbox 605 3987 684 4045; x_wconf 87' lang='lat' dir='ltr'>haud</span> <span class='ocrx_word' id='word_1_245' title='bbox 699 3988 804 4064; x_wconf 88' lang='lat' dir='ltr'>ignara</span> <span class='ocrx_word' id='word_1_246' title='bbox 819 3987 917 4046; x_wconf 84' lang='lat' dir='ltr'>futuri.</span> 
     </span>
     <span class='ocr_line' id='line_1_40' title="bbox 208 4079 951 4149; baseline 0 -11"><span class='ocrx_word' id='word_1_247' title='bbox 208 4080 367 4138; x_wconf 73' lang='lat' dir='ltr'>Stentora</span> <span class='ocrx_word' id='word_1_248' title='bbox 382 4079 495 4138; x_wconf 69' lang='lat' dir='ltr'>circium</span> <span class='ocrx_word' id='word_1_249' title='bbox 510 4099 517 4149; x_wconf 90' lang='grc'><strong>;</strong></span> <span class='ocrx_word' id='word_1_250' title='bbox 542 4089 571 4138; x_wconf 87' lang='lat' dir='ltr'>et</span> <span class='ocrx_word' id='word_1_251' title='bbox 586 4082 684 4138; x_wconf 90' lang='lat' dir='ltr'>crines</span> <span class='ocrx_word' id='word_1_252' title='bbox 699 4080 795 4137; x_wconf 84' lang='lat' dir='ltr'>effusa</span> <span class='ocrx_word' id='word_1_253' title='bbox 809 4081 951 4138; x_wconf 90' lang='lat' dir='ltr'>sacerdos</span> 
     </span>
     <span class='ocr_line' id='line_1_41' title="bbox 206 4172 1199 4253; baseline 0.006 -22"><span class='ocrx_word' id='word_1_254' title='bbox 206 4172 269 4231; x_wconf 80' lang='lat' dir='ltr'>&#39;l&#39;er</span> <span class='ocrx_word' id='word_1_255' title='bbox 283 4182 401 4232; x_wconf 92' lang='lat' dir='ltr'>centum</span> <span class='ocrx_word' id='word_1_256' title='bbox 414 4181 497 4233; x_wconf 91' lang='lat' dir='ltr'>tonat</span> <span class='ocrx_word' id='word_1_257' title='bbox 512 4194 564 4232; x_wconf 89' lang='lat' dir='ltr'>ore</span> <span class='ocrx_word' id='word_1_258' title='bbox 579 4174 661 4245; x_wconf 90' lang='lat' dir='ltr'>deos,</span> <span class='ocrx_word' id='word_1_259' title='bbox 678 4174 883 4248; x_wconf 85' lang='lat' dir='ltr'>Erebumque,</span> <span class='ocrx_word' id='word_1_260' title='bbox 899 4174 1076 4253; x_wconf 87' lang='lat' dir='ltr'>Chaosque,</span> <span class='ocrx_word' id='word_1_261' title='bbox 1137 4177 1199 4237; x_wconf 81' lang='lat'>510</span> 
     </span>
    </p>
   </div>
   <div class='ocr_carea' id='block_1_5' title="bbox 0 0 1350 5122">
    <p class='ocr_par' dir='ltr' id='par_1_7' title="bbox 0 0 1350 5122">
     <span class='ocr_line' id='line_1_42' title="bbox 0 0 1350 5122; baseline 0 5"><span class='ocrx_word' id='word_1_262' title='bbox 0 0 1350 5122; x_wconf 95' lang='lat' dir='ltr'> </span> 
     </span>
    </p>
   </div>
  </div>
 </body>
</html>
