2692 5122
174 395 235 454 310
462 390 489 437 Ρ.
509 389 677 437 vlnerum
699 387 871 438 Mauortis

175 529 356 612 Atjuvenis,
372 530 480 588 vicisse
495 529 563 588 dolo
577 539 670 601 ratus,
688 530 787 588 avolat
802 530 877 607 ipse,

175 624 268 683 Haud
284 645 377 695 mora,
394 626 607 700 conversisque
623 625 714 702 fugax
728 624 861 682 aufertur
876 623 1009 696 habenis,

176 718 470 795 Quadrupedemque
485 719 576 776 citum
591 717 703 777 serrata
718 718 801 775 ealce
817 717 931 794 fatigat.

175 813 263 871 Vane
277 813 383 890 Ligus,
401 813 572 888 frustraque
588 813 693 870 animis
707 812 784 868 elate
799 810 947 888 superbis,
1109 810 1171 870 715

175 907 386 983 Nequidquam
402 906 512 983 patrias
526 905 648 963 tentdsti
662 905 795 963 lubricus
810 913 891 961 artes
903 923 910 972 ;

176 1000 243 1059 Nec
256 1001 338 1059 sraus
352 1009 381 1058 te
396 1001 574 1058 incolumem
590 1000 690 1058 fallaci
705 999 834 1076 perferet
848 1000 948 1057 Auno.

175 1092 255 1153 Haec
270 1095 348 1152 satur
362 1095 458 1172 virgo,
475 1102 505 1151 et
520 1093 689 1171 pernicibus
705 1093 793 1170 ignea
812 1093 918 1169 plantis

175 1187 298 1245 Transit
314 1207 422 1264 equum
436 1207 538 1257 cursu,
555 1187 716 1262 sraenisque
731 1186 857 1243 adversa
872 1185 1026 1262 prehensis

177 1280 391 1359 Congreditur,
408 1300 573 1358 poenasque
589 1280 707 1337 inimico
721 1299 758 1336 ex
773 1280 919 1357 sanguine
935 1278 1044 1337 sumit:
1107 1279 1170 1336 720

177 1375 280 1442 Quam
295 1376 381 1433 facile
398 1377 542 1452 accipiter
556 1395 628 1432 saxo
643 1394 730 1432 sacer
745 1374 809 1431 ales
823 1375 860 1430 ab
875 1373 935 1431 alto

177 1467 383 1544 Consequitur
397 1469 502 1545 pennis
517 1469 672 1526 sublimem
687 1468 716 1524 in
731 1469 808 1524 nube
823 1467 1001 1537 columbam,

178 1560 455 1638 Comprensamque
469 1571 561 1632 tenet,
579 1562 762 1638 pedibusque
777 1561 926 1618 eviscerat
941 1560 1027 1618 uncis
1040 1579 1048 1630 ;

176 1654 255 1713 Tum
271 1664 403 1712 erueret
417 1656 509 1713 vulsae
524 1656 664 1712 labuntur
679 1657 716 1711 ab
731 1655 843 1712 aethere
859 1654 975 1730 plum'ae.

217 1750 257 1807 At
271 1769 330 1806 non
344 1749 410 1807 lraec
424 1749 512 1806 nullis
527 1749 677 1806 hominum
692 1757 773 1805 sator
787 1757 877 1823 atque
893 1747 1016 1804 deorum
1111 1746 1170 1804 72⁵

179 1840 353 1902 Observans
368 1844 473 1914 oculis,
490 1862 603 1900 summo
618 1842 702 1900 sedet
717 1842 795 1899 altus
811 1842 947 1917 Olympo.

178 1937 368 2015 Tyrrhenum
383 1939 501 2016 genitor
515 1937 704 1996 Tarchonem
720 1938 748 1995 in
764 1937 870 2014 proelia
886 1955 968 1994 saeva

179 2032 321 2103 Susqitat,
338 2040 367 2089 et
383 2032 508 2090 stimulis
524 2032 603 2090 haud
618 2032 755 2089 mollibus
771 2032 863 2106 injicit
877 2031 946 2089 iras.

178 2125 263 2203 Ergo
279 2126 356 2184 inter
370 2126 469 2184 caedes
484 2125 681 2202 cedentiaque
697 2125 817 2203 agmina
829 2124 952 2182 Tarcho

178 2217 290 2277 Fertur
303 2239 392 2295 equo,
409 2220 559 2295 variisque
574 2219 695 2296 instigat
709 2219 833 2275 vocibus
849 2218 925 2288 alas,
1113 2217 1174 2276 730

179 2311 308 2369 Nomine
324 2332 472 2388 quemque
488 2331 599 2370 vocans
615 2331 622 2380 3
647 2311 803 2386 reficitque
818 2312 847 2368 in
863 2311 969 2388 proelia
983 2310 1108 2388 pulsos:

181 2404 258 2471 Quis
273 2414 379 2475 metus,
397 2426 414 2462 ο
429 2424 579 2480 nunquam
593 2404 723 2475 dolituri,
740 2425 757 2461 ο
772 2424 891 2481 semper
903 2405 1017 2462 inertes

179 2497 340 2573 Tyrrheni,
358 2518 423 2573 quae
439 2506 522 2555 tanta
537 2499 642 2555 animis
657 2499 776 2576 ignavia
792 2497 895 2555 venit?

180 2591 318 2650 Foemina
333 2593 465 2668 palantes
480 2593 553 2669 agit,
570 2601 659 2668 atque
674 2593 739 2650 haee
754 2592 873 2670 agmina
889 2593 987 2652 vertit.

181 2684 251 2751 Quo
269 2685 389 2757 serrum,
407 2685 514 2761 quidve
529 2686 593 2743 haec
608 2687 739 2763 gerimus
754 2687 814 2743 tela
830 2687 913 2743 irrita
928 2686 1040 2744 dextris
1056 2685 1067 2741 ἓ
1113 2686 1174 2744 735

179 2779 220 2836 At
233 2798 291 2835 non
307 2778 335 2835 in
350 2778 501 2835 Venerem
516 2798 635 2857 segnes,
652 2787 858 2855 nocturnaque
874 2780 963 2850 bella,

180 2870 254 2943 Aut,
272 2873 321 2929 ubi
337 2891 428 2930 curva
444 2872 551 2930 choros
566 2873 667 2930 indixit
682 2872 755 2930 tibia
769 2872 893 2943 Bacchi,

181 2965 366 3043 Exspectare
382 2967 474 3043 dapes
489 2974 518 3022 et
534 2967 628 3043 plena)
644 2967 751 3042 pocula
764 2985 885 3024 mensae.

180 3059 244 3118 Hie
259 3079 351 3131 amor,
368 3060 424 3117 hoc
439 3060 567 3118 studium
582 3079 589 3130 3
614 3060 683 3117 dum
697 3079 785 3117 sacra
799 3059 950 3117 secundus
963 3059 1115 3138 haruspex

181 3153 317 3225 Nuntiet,
334 3174 370 3211 ac
386 3155 469 3212 lucos
486 3163 572 3212 vocet
586 3154 682 3211 hostia
696 3154 813 3230 pinguis
828 3154 857 3211 in
873 3154 958 3212 altos.
1115 3155 1175 3212 740

221 3245 300 3303 Haee
316 3248 432 3317 effatus,
450 3267 559 3323 equum
574 3248 603 3304 in
619 3247 741 3317 medios,
758 3246 918 3304 moriturus
932 3255 961 3304 et
977 3247 1050 3324 ipse,

181 3339 334 3411 Concitet,
352 3348 381 3397 et
395 3340 515 3398 Venulo
530 3340 687 3398 adversum
702 3360 735 3398 se
750 3340 886 3398 turbidus
901 3340 989 3397 insert
1003 3359 1011 3409 3

180 3431 407 3510 Dereptumque
423 3435 460 3490 ah
475 3433 673 3509 equodextrd
686 3434 893 3511 complectitur
911 3433 1038 3504 hostem,

180 3526 222 3585 Et
237 3528 383 3604 gremium
398 3536 465 3584 ante
480 3548 567 3585 suum
581 3527 674 3586 multia
688 3528 717 3585 vi
730 3529 866 3586 concitus
885 3528 992 3585 aufert.

181 3621 310 3680 Tollitur
324 3623 353 3679 in
368 3623 476 3680 coelum
492 3624 613 3694 clamor,
631 3623 791 3697 cunctique
806 3622 906 3681 Latini
1114 3623 1174 3681 745

183 3714 370 3776 Convertere
384 3718 497 3776 oculos.
541 3715 633 3775 Volat
648 3717 753 3793 igneus
768 3736 889 3793 aequore
903 3714 1037 3787 Tarcho,

181 3814 276 3872 Arma
290 3815 445 3891 virumque
460 3815 559 3873 serens
576 3833 583 3883 ;
606 3821 668 3871 tum
683 3812 799 3872 summai
813 3814 904 3891 ipsius
919 3815 956 3871 ah
971 3812 1061 3872 hasti

182 3907 334 3985 Desringit
349 3909 470 3980 serrum,
487 3917 516 3966 et
530 3917 630 3986 partes
645 3908 769 3966 rimatur
787 3917 916 3984 apertas,

184 4000 256 4070 Qut
271 4003 378 4060 vulnus
392 4003 481 4061 letale
496 4003 581 4061 serat.
626 4000 739 4060 Contrd
753 4002 802 4059 ille
816 4020 988 4085 repugnans

184 4098 315 4155 Sustinet
331 4117 349 4154 a
359 4098 464 4174 jugulo
479 4097 624 4167 dextram,
641 4105 670 4154 et
685 4097 742 4154 vim
758 4095 870 4152 viribus
885 4095 954 4154 exit.
1117 4096 1174 4155 750

183 4191 283 4271 thue
298 4193 401 4252 volans
415 4192 475 4252 alte
489 4200 607 4271 raptum
622 4211 712 4269 quum
726 4191 807 4250 salva
821 4190 982 4250 draconem
