2692 5122
503 700 679 751 AENEIDOS
704 701 775 750 LlB.
790 702 811 750 1.

158 836 348 901 Exciderant
363 838 460 899 animo
475 858 483 899 t
506 850 606 901 manet
621 840 682 901 alte
695 850 794 901 mento
807 839 961 921 repostum

159 930 314 993 Judicium
328 934 456 1005 Paridis,
472 944 642 1012 spretaeque
658 936 766 1012 injuria
781 936 895 1008 sormae,

159 1026 203 1085 Et
219 1046 317 1105 genus
331 1027 468 1098 invisum,
485 1037 514 1085 et
530 1030 606 1106 rapti
619 1028 804 1105 Ganymedis
817 1029 966 1100 honores;

160 1118 222 1179 His
237 1139 368 1179 accensa
385 1118 488 1199 super,
507 1121 637 1198 jactatos
652 1141 773 1198 aequore
787 1131 848 1181 toto

162 1213 271 1285 Troas,
288 1214 432 1291 reliquias
445 1212 587 1272 Danatim
604 1226 693 1291 atque
709 1216 828 1275 immitis
841 1214 964 1289 Achilli,

160 1310 297 1367 Arcobat
311 1308 401 1388 longe
414 1309 504 1367 Latio
518 1328 525 1366 :
548 1312 716 1387 multosque
732 1330 785 1389 per
799 1330 893 1370 annos

160 1401 313 1460 Errabant
328 1404 387 1460 aeti
407 1403 475 1460 fatis
490 1404 585 1462 maria
600 1405 698 1462 omnia
712 1406 835 1464 circum.

160 1494 270 1564 Tanta)
284 1496 370 1555 molis
384 1505 449 1554 erat
463 1497 632 1555 Romanam
647 1496 778 1555 condere
792 1499 933 1576 gentem!

201 1588 261 1647 Vix
275 1608 293 1647 e
307 1599 470 1668 conspectu
486 1592 594 1649 Siculae
608 1591 729 1685 ΜΨ
744 1592 773 1648 in
788 1592 879 1649 altum
974 1594 977 1603 '

160 1652 376 1781 &2th
394 1684 455 1767 ligi
470 1693 500 1742 et
514 1682 805 1777 QQSQfflst
812 1685 982 1781 Q&

162 1776 265 1844 Quum
278 1776 300 1835 J
301 1797 370 1848 uno,
388 1789 532 1836 arternum
546 1797 671 1836 servans
685 1780 740 1835 sub
755 1786 877 1855 pectore
892 1777 1010 1850 vulnus,

159 1872 241 1931 Haec
255 1886 382 1949 secum}
403 1873 495 1931 Mene
510 1874 628 1951 incepto
644 1874 789 1932 desistere
803 1874 914 1932 victam
930 1872 941 1931 i

158 1965 228 2025 Nec
243 1985 330 2043 posse
346 1965 436 2024 Italia
448 1966 635 2025 Teucrorum
650 1977 787 2027 avertere
802 1967 932 2046 regem?

160 2057 280 2137 Quippe
295 2068 380 2117 vetor
395 2060 480 2118 satis!
501 2060 642 2119 Pallasne
656 2079 783 2119 exurere
798 2061 927 2120 classem

158 2150 316 2231 Argivfim,
333 2162 423 2229 atque
437 2155 517 2231 ipsos
531 2154 624 2231 potuit
642 2157 838 2233 submergere
852 2161 953 2233 ponto,

157 2244 257 2304 Unius
272 2247 309 2304 ob
323 2264 431 2305 noxam
446 2258 475 2304 et
488 2246 580 2305 furias
595 2248 699 2323 Ajacis
712 2248 792 2306 Oilei
810 2248 820 2303 l

160 2338 242 2416 Ipsa,
257 2339 344 2399 Jovis
357 2340 494 2417 rapidum
508 2340 643 2415 jaculata
656 2360 673 2398 e
688 2341 816 2398 nubibus
830 2341 941 2419 ignem,

159 2431 349 2510 Disjecitque
364 2443 457 2504 rates,
474 2434 641 2509 evertitque
657 2452 779 2509 aequora
792 2434 889 2491 ventis
904 2453 912 2503 ;

160 2525 258 2597 Illum,
275 2528 476 2604 exspirantem
489 2527 633 2584 transfixo
648 2536 769 2604 pectore
785 2525 930 2598 flammas,

158 2620 293 2678 Turbine
307 2620 463 2698 corripuit,
479 2620 662 2699 scopuloque
678 2620 771 2677 infixit
787 2628 884 2679 acuto.

159 2713 216 2771 Ast
233 2733 302 2792 ego,
319 2732 385 2793 quas
401 2711 499 2771 divum
517 2713 623 2772 incedo
638 2714 754 2792 regina,
770 2714 917 2791 Jovisque

159 2806 200 2865 Et
215 2827 300 2865 soror
314 2816 344 2865 et
358 2807 478 2883 conjux,
496 2806 557 2865 unzi
571 2828 638 2866 eum
659 2815 749 2885 gente
764 2817 807 2866 tot
822 2827 916 2867 annos

159 2903 247 2961 Bella
260 2906 355 2981 gero!
383 2904 422 2960 Et
438 2903 595 2979 quisquam
610 2923 719 2961 numen
733 2904 754 2962 J
756 2905 862 2962 unonis
876 2904 981 2965 adoret

158 2996 325 3067 Praeterea,
342 3005 392 3054 aut
407 2997 531 3074 supplex
547 2997 607 3054 eris
621 2997 751 3074 imponat
765 2999 908 3057 honorem
926 2999 937 3056 ?

198 3089 289 3175 quia
308 3090 457 3148 flammato
471 3110 574 3148 secum
588 3090 645 3148 dea
660 3091 750 3148 corde
765 3092 912 3164 volutans,

157 3184 188 3244 N
192 3183 337 3243 imborum
351 3184 380 3243 in
395 3185 532 3262 patriam,
549 3186 617 3242 loca
631 3184 703 3244 soeta
718 3186 886 3244 furentibus
900 3186 1021 3259 austris,

157 3278 296 3337 AEoliam
309 3278 399 3337 venit.
441 3278 504 3337 Hic
518 3289 602 3336 vasto
616 3298 670 3336 rex
683 3279 795 3337 AEolus
810 3289 895 3337 antro

156 3370 327 3431 Luctantes
340 3380 445 3430 ventos
458 3380 713 3448 tempestatesque
729 3370 855 3429 sonoras

159 3463 289 3543 Imperio
304 3466 420 3543 premit,
438 3465 594 3561 aoJinclis
609 3473 639 3521 et
653 3482 779 3522 carcere
794 3463 916 3539 t'raengt.·
933 3502 936 3507 -
991 3520 998 3553 Ι

158 3558 208 3616 11Ιί
222 3558 410 3637 indignantes
425 3577 534 3635 magno
548 3577 616 3615 cum
631 3575 781 3614 murmure
796 3556 902 3615 montis

158 3650 285 3711 Circum
300 3653 433 3711 claustra
448 3652 585 3710 fremunt.
629 3649 821 3723 Celsdlsedet
835 3650 948 3710 AEolus
962 3669 1045 3726 arco,

158 3746 287 3822 Sceptra
300 3756 416 3817 tenens,
433 3745 585 3821 mollitque
601 3745 726 3816 animos,
739 3752 769 3801 et
783 3752 930 3823 temperat
943 3744 1015 3807 iras.

157 3838 202 3898 Ni
221 3837 323 3910 saciat,
340 3840 435 3897 maria
449 3858 484 3897 ac
499 3848 607 3908 terras,
625 3837 795 3914 coelumque
810 3838 987 3917 profundum

159 3930 281 4011 Quippe
295 3931 391 3991 serant
405 3933 501 4012 rapidi
515 3951 629 4003 secum,
645 3940 826 4008 verrantque
842 3952 895 4010 per
909 3952 1009 3994 auras.

159 4027 221 4087 Sed
240 4027 331 4086 Pater
347 4029 533 4106 omnipotens
547 4028 698 4104 speluncis
713 4025 824 4085 abdidit
839 4028 921 4101 atris,
1111 4032 1151 4093 60

158 4120 233 4180 Hoc
246 4130 381 4179 metuens
396 4141 403 4178 :
426 4121 593 4196 molemque
609 4128 638 4178 et
651 4129 766 4178 montes
780 4121 902 4199 insuper
917 4124 994 4181 altos

158 4214 305 4293 Imposuit
321 4234 329 4285 ;
353 4235 516 4293 regemque
531 4215 621 4287 dedit,
638 4216 689 4292 qui
703 4215 817 4274 t'oedere
832 4223 915 4274 certo

157 4308 202 4368 Et
217 4327 364 4387 premere,
380 4319 411 4367 et
425 4310 510 4367 laxas
523 4309 613 4367 sciret
628 4310 701 4367 dare
717 4309 821 4386 jussus
834 4310 977 4371 habenas.

158 4402 209 4463 Ad
224 4422 314 4479 quem
325 4412 388 4462 tum
401 4404 483 4463 Juno
497 4404 621 4481 supplex
635 4404 681 4461 his
695 4388 817 4462 vocibus
832 4424 888 4463 usa
901 4413 947 4463 est
963 4424 971 4463 t

200 4496 307 4570 AEole,
323 4496 466 4577 (namque
483 4497 536 4555 tibi
550 4494 650 4556 dietim
663 4498 756 4556 Pater
770 4507 860 4576 atque
875 4498 1025 4558 hominum
1038 4517 1092 4559 rex
1112 4499 1151 4557 66
