2692 5122
527 816 705 871 AENEIDOS
725 822 844 871 111111.
1136 834 1187 890 111

206 960 372 1033 obtulerat,
388 960 482 1019 fidens
496 962 595 1033 animi,
612 968 702 1039 atque
716 962 745 1021 in
761 972 916 1041 utrumque
935 971 1069 1042 paratus,

207 1056 264 1114 Seu
280 1070 403 1113 versare
417 1054 510 1126 dolos,
526 1076 581 1114 seu
595 1066 686 1115 certae
700 1058 879 1115 occumbere
893 1058 990 1117 morti.

206 1146 342 1224 Undique
358 1148 471 1207 visendi
485 1148 583 1206 studio
596 1149 727 1225 Trojano
744 1149 886 1225 juventus

206 1219 396 1302 Circumdssa
410 1242 478 1313 ruit,
495 1250 671 1319 certantque
686 1243 810 1302 illudere
825 1252 922 1321 capto.

205 1334 319 1413 Accipe
334 1354 413 1394 nunc
426 1334 567 1395 Danaum
581 1336 703 1395 insidias
717 1356 724 1406 ;
748 1344 778 1395 et
792 1338 915 1397 crimine
930 1338 968 1395 ab
981 1356 1041 1397 uuo
1150 1341 1188 1397 65

204 1428 296 1487 Disce
311 1447 422 1488 omues.

192 1522 352 1598 'Namque,
369 1531 401 1580 ut
415 1530 575 1601 conspectu
590 1524 620 1581 in
635 1523 742 1595 medio,
757 1525 905 1595 turbatus,
922 1523 1042 1581 inermis

204 1613 354 1686 Constitit,
371 1624 460 1692 atque
474 1618 570 1675 oculis
582 1617 715 1695 Phrygia
730 1617 849 1695 agmina
862 1617 1093 1694 circumspexit:

203 1708 274 1767 Heu
289 1712 296 1765 l
320 1729 385 1785 quae
400 1730 481 1768 nunc
496 1711 594 1781 tellus,
611 1711 716 1786 inquit,
734 1730 800 1786 quie
814 1730 861 1768 me
876 1730 997 1786 aequora
1012 1717 1135 1787 possum

204 1800 351 1880 Accipere
366 1802 376 1857 ?
399 1811 450 1860 aut
465 1803 534 1879 quid
551 1804 613 1879 jam
626 1803 735 1862 misero
749 1804 819 1861 mibi
835 1803 963 1879 denique
977 1803 1094 1861 restat?
1148 1806 1187 1862 70

204 1893 262 1955 Cui
275 1915 372 1971 neque
388 1896 466 1974 apud
479 1896 605 1954 Danaos
618 1915 743 1973 usquein
759 1896 853 1967 locus,
870 1904 899 1953 et
914 1892 1006 1973 supdr
1019 1895 1075 1973 ipsi

202 1988 383 2047 Dardanidae
397 1988 504 2047 infensi
518 2007 622 2067 poenas
636 2009 702 2047 cum
716 1988 862 2067 sanguine
877 1996 1011 2065 poscunt.

202 2082 270 2150 Quo
284 2083 397 2161 gemitu
411 2084 546 2141 conversi
562 2084 661 2155 animi,
677 2102 867 2160 compressus
881 2091 910 2140 et
925 2084 1019 2141 omnis

202 2176 341 2254 Impetus.
382 2177 548 2236 Hortamur
562 2178 628 2249 sari,
646 2198 704 2254 quo
718 2178 865 2255 sanguino
884 2186 995 2248 cretus,

201 2266 319 2337 Quidve
333 2268 407 2328 ferat
421 2279 574 2340 memoret,
592 2290 659 2345 quae
673 2270 710 2327 sit
726 2271 835 2328 fiducia
849 2278 952 2347 capto„-
1146 2274 1186 2329 75

203 2362 270 2440 [llle
284 2362 360 2434 baec,
377 2363 513 2441 depositis
525 2365 646 2421 tandem
661 2364 825 2434 formidine,
841 2364 920 2420 satur
932 2362 955 2441 τ]

180 2438 187 2457 ⁸
238 2456 357 2515 Cuncta
370 2456 509 2533 equidem
521 2457 585 2527 tibi,
601 2476 665 2527 rex,
683 2456 770 2514 suerit
786 2455 1004 2531 quodcumque,
1020 2455 1137 2515 fatebor

199 2548 291 2620 Vera,
308 2550 424 2625 inquit:
447 2568 545 2625 neque
560 2568 607 2608 me
621 2546 767 2626 Argolici
781 2548 817 2605 de
832 2555 920 2625 gente
935 2548 1053 2625 negabo
1067 2568 1075 2619 ;

199 2642 269 2701 Hoc
283 2644 407 2720 primum
422 2663 440 2725 ;Ι
454 2663 521 2713 nec,
538 2642 563 2701 si
577 2642 717 2700 miserum
733 2642 850 2700 fortuna
864 2642 1004 2700 Sinonem

198 2732 308 2807 Finxit,
325 2756 433 2795 vanum
448 2736 537 2794 etiarn
550 2735 783 2811 mendacemque
798 2734 932 2812 improbe
946 2735 1047 2817 finget.
1146 2740 1186 2797 00

198 2828 303 2888 Fando
318 2830 435 2906 aliquod
449 2831 474 2888 si
489 2830 563 2888 sorte
578 2836 646 2887 tuas
660 2829 794 2906 pervenit
808 2828 845 2886 ad
861 2846 950 2889 aures
1031 2834 1035 2845 '

197 2920 310 2981 Belidae
324 2942 429 2981 nomen
444 2923 624 2993 Palamedis,
641 2930 669 2980 et
684 2923 796 2998 inclyta
809 2918 895 2979 famd'
1049 2909 1053 2915 ¹

197 3014 303 3074 Gloria
316 3036 323 3086 3
348 3035 435 3093 quem
450 3014 525 3073 saled
539 3015 594 3073 aub
610 3016 772 3093 proditione
787 3015 908 3093 Pelasgi

197 3109 359 3181 Ineontem‚
375 3109 494 3167 infando
509 3109 627 3180 indicio,
645 3086 808 3185 quiassella
822 3111 952 3181 vetabat,

196 3200 355 3262 Demisere
368 3202 436 3261 ncci
450 3222 458 3271 ;
482 3222 561 3261 nunc
575 3221 694 3260 cassum
708 3201 818 3259 lumine
832 3202 1011 3301 wilm-s„
1144 3204 1183 3261 86

197 3296 246 3355 11Ιί
260 3316 306 3355 me
321 3296 469 3367 comitem,
486 3302 515 3354 et
528 3296 787 3370 consanguinitate
803 3296 1019 3370 propinquum,'

196 3388 318 3466 Pauper
331 3390 361 3447 in
375 3407 459 3447 arma
473 3396 559 3465 pater
572 3388 673 3464 primis
687 3388 746 3444 huc
759 3387 837 3442 misit
852 3389 889 3442 eb
905 3388 1000 3446 annis.

196 3480 278 3539 Dum
286 3484 388 3540 blebat
402 3501 497 3559 regno
511 3479 677 3547 incolumis,
694 3497 858 3553 regumque
873 3477 993 3554 vigebat

173 3570 180 3593 ⁸
198 3574 353 3647 Conciliis‚
370 3585 399 3633 et
414 3594 468 3633 nos
483 3571 602 3649 aliquod
617 3590 783 3646 nomenque
798 3571 950 3647 decusque

196 3666 362 3727 Gessimue.
407 3665 523 3725 Invidia
538 3674 693 3743 postquem
709 3663 987 3741 pellacisUlyssei.
1144 3666 1183 3725 90

198 3758 305 3835 (Haud
320 3762 421 3839 ignota
436 3760 555 3837 loquor)
570 3758 686 3835 superis
700 3758 847 3815 concessit
862 3760 899 3814 ab
913 3758 983 3831 oris,

196 3854 335 3912 Afflictus
350 3856 438 3912 vitam
452 3855 481 3911 in
495 3853 627 3911 tenebris
641 3852 782 3929 luctuque
796 3852 961 3924 trahebam,

195 3946 236 4007 Et
252 3966 355 4005 casum
369 3948 492 4005 insontis
506 3966 622 4004 mecum
635 3945 813 4022 indignabar
830 3945 925 4004 amici.

195 4038 264 4099 Nec
278 4040 358 4098 tacui
373 4040 493 4098 demens
507 4060 515 4109 ;
539 4048 569 4097 et
583 4056 640 4109 me,
657 4038 718 4096 sors
730 4038 755 4093 si
771 4056 828 4112 qua
842 4038 970 4110 tulisset,

196 4130 231 4191 Si
245 4132 355 4208 patrios
370 4152 500 4208 unquam
518 4130 698 4189 remedssem
713 4130 807 4187 victor
820 4130 857 4186 ad
872 4132 982 4207 Argos,
1143 4134 1182 4191 95

194 4223 322 4284 Promisi
337 4226 462 4283 ultorem
476 4244 484 4294 ;
508 4234 538 4282 et
553 4224 650 4281 verbis
664 4223 732 4280 odia
746 4242 852 4299 aspera
866 4224 953 4281 movi.

193 4315 279 4377 Hinc
294 4318 363 4375 mibi
377 4319 471 4396 prima
485 4318 554 4375 mali
569 4317 652 4373 labes
666 4334 674 4385 ;
697 4316 766 4373 binc
780 4335 897 4393 semper
910 4314 1036 4393 Ulysses

194 4409 380 4470 Criminibus
393 4421 507 4469 terrere
522 4410 629 4477 novis;
652 4409 722 4466 hino
736 4428 879 4486 spargere
894 4429 984 4467 voces

194 4502 231 4560 ln
247 4503 368 4581 vulgum
382 4504 547 4581 ambiguas,
564 4510 593 4561 et
609 4520 744 4578 quaerere
759 4502 898 4558 conscius
911 4522 1004 4561 arma.

193 4594 263 4657 Nec
276 4597 422 4674 requierit
436 4599 524 4669 enim,
540 4596 635 4655 donec
650 4594 818 4654 Calchante
832 4595 974 4655 ministro.
998 4640 1006 4656 .
1030 4640 1037 4656 .
1060 4640 1068 4655 .
1127 4594 1182 4653 100

102 3265 198 3293 ..ο-
