2692 5122
218 390 258 447 40
506 382 532 429 r.
551 380 718 428 vinosum
739 378 912 429 atsaours

219 524 313 602 Signa
326 522 446 580 dabant.
488 521 617 588 Quoties
632 519 799 595 Cyclopum
813 519 959 576 effervere
973 517 1004 575 in
1017 535 1109 595 agros

217 615 354 674 Vidimus
368 615 528 675 undantem
542 615 636 691 ruptis
650 613 822 698 fornacibus
834 612 972 682 AEtnam,

217 706 478 784 Flammarnmque
499 708 615 785 globos,
632 706 851 782 liquefactaque
867 705 987 763 volvere
999 705 1093 763 saxa!

216 805 376 863 Armorum
390 804 516 861 sonitum
530 810 592 859 toto
605 801 771 860 Germania
785 800 862 858 coelo

216 896 319 954 Audiit
335 915 343 965 ;
367 896 493 954 insolitis
506 903 690 952 tremuerunt
705 894 833 952 motibus
847 893 949 970 Alpes.
1144 893 1203 951 475

216 987 285 1046 Vox
301 1008 420 1064 quoque
437 1008 491 1066 per
505 987 588 1046 lucos
601 986 692 1064 vulgd
708 987 849 1045 exaudita
862 987 985 1045 silentes

215 1082 341 1159 Ingens,
357 1091 387 1140 et
401 1082 560 1140 simulacra
573 1080 667 1139 modis
682 1082 822 1158 pallentia
834 1082 916 1139 miris

215 1174 292 1234 Visa
306 1177 362 1234 sub
376 1178 537 1234 obscurum
551 1177 665 1244 noctis;
687 1175 878 1252 pecudesque
893 1176 1012 1245 locutae,

214 1269 392 1328 Infandum!
415 1271 522 1328 sistunt
537 1289 649 1339 amnes,
665 1278 813 1344 terraeque
828 1269 983 1326 debiscunt
1000 1286 1008 1336 ;

214 1362 256 1422 Et
269 1373 407 1422 moestnm
422 1364 589 1440 illacrymat
603 1364 719 1440 templis
734 1365 818 1433 ebur,
836 1380 956 1437 seraque
971 1359 1088 1419 sudant.
1143 1362 1202 1445 tto

213 1455 328 1516 Proluit
343 1457 447 1515 insano
462 1469 662 1532 contorquens
676 1457 789 1513 vertice
809 1456 900 1513 silvas

214 1548 388 1607 Fluviorum
404 1569 457 1607 rex
470 1550 632 1619 Eridanus,
649 1567 832 1625 camposque
846 1567 900 1625 per
913 1566 1016 1606 omnes

214 1640 293 1702 Cum
308 1643 433 1700 stabulis
448 1655 583 1700 armenta
596 1642 671 1700 tulit.
714 1642 781 1700 Nec
795 1653 927 1718 tempore
942 1641 1047 1698 eodem

212 1735 363 1795 Tristibus
377 1744 428 1794 aut
442 1736 519 1793 extis
533 1736 616 1795 fibrae
631 1753 777 1812 apparere
791 1735 933 1805 minaces,

116 1868 118 1873 ·
211 1828 273 1888 Aut
288 1830 384 1906 puteis
398 1848 520 1888 manare
534 1849 624 1888 cruor
638 1829 768 1887 cessavit
782 1848 790 1897 ;
814 1836 843 1886 et
858 1829 925 1886 altae

210 1921 272 1982 Per
285 1932 403 1981 noctem
418 1943 561 1982 resonare
576 1924 653 2001 lupis
667 1924 849 1981 ululantibus
863 1925 963 1982 urbes.

211 2014 242 2075 N
244 2035 282 2073 on
297 2016 373 2073 alias
387 2017 465 2075 coelo
479 2016 653 2074 ceciderunt
667 2016 753 2092 plura
767 2034 875 2073 sereno

210 2107 357 2187 Fulgura,
374 2128 431 2167 neo
446 2108 502 2166 diri
514 2109 603 2167 toties
624 2107 728 2168 arsere
743 2117 877 2166 cometae.

248 2201 333 2278 Ergo
347 2201 424 2259 inter
438 2221 506 2260 sese
521 2203 643 2278 paribus
657 2220 839 2259 concurrere
853 2199 922 2258 telis

210 2293 366 2352 Romanas
380 2295 463 2352 acies
478 2296 584 2352 iterum
598 2292 700 2353 vidire
714 2294 843 2371 Philippi
859 2313 867 2362 ;

210 2385 278 2444 Nec
293 2387 347 2443 snit
362 2387 516 2463 indignum
530 2388 663 2464 Superis,
680 2388 725 2445 bis
739 2387 886 2465 sangnine
900 2394 1002 2445 nostro

209 2477 380 2538 Emathiam
394 2487 423 2535 et
435 2479 511 2536 lotos
525 2479 625 2537 Haemi
641 2480 838 2558 pinguescere
853 2498 984 2557 campos.

210 2571 331 2629 Scilicet
346 2577 375 2628 et
390 2579 506 2648 tempus
520 2573 629 2643 veniet,
646 2592 736 2649 quum
751 2573 860 2630 finibus
875 2571 932 2630 illis

209 2664 363 2743 Agricola,
380 2665 503 2723 incurvo
516 2675 626 2724 terram
640 2668 758 2725 molitus
772 2676 881 2737 aratro,

209 2757 312 2816 Exesa
326 2757 455 2815 inveniet
470 2758 581 2817 scabri
599 2760 738 2837 rubigine
753 2760 821 2837 pila,

207 2851 270 2908 Aut
284 2852 426 2926 gravibus
440 2853 545 2909 rastris
560 2853 665 2929 galeas
680 2853 808 2930 pulsabit
822 2853 938 2924 inanes,

208 2944 403 3021 Grandiaque
418 2947 535 3005 effossis
549 2949 704 3006 mirabitur
718 2967 786 3005 ossa
801 2949 957 3025 sepulcris.

246 3038 289 3098 Di
304 3040 390 3116 patrii
406 3039 569 3118 Indigetes,
586 3050 616 3099 et
630 3041 769 3112 Romule,
788 3041 944 3117 Vestaque
958 3049 1065 3115 mater,

208 3130 286 3200 Qua>
299 3132 434 3191 Tuscum
448 3134 583 3192 Tiberim
598 3142 627 3191 et
642 3134 781 3192 Romana
795 3135 914 3193 Palatia
927 3155 1042 3207 servas,

206 3222 299 3283 Hunc
314 3226 420 3284 saltem
434 3246 540 3285 everso
550 3228 690 3303 juvenem
712 3247 890 3287 succurrere
907 3230 999 3287 saeclo
1134 3230 1195 3288 500

206 3318 236 3378 N
238 3339 254 3376 e
270 3320 442 3397 prohibete!
463 3321 535 3378 satis
545 3322 606 3396 jam
622 3321 734 3396 pridem
748 3323 894 3399 sanguine
908 3331 1010 3382 nostro
1192 3316 1196 3323 ’

205 3411 438 3472 Laomedontem
452 3415 560 3472 luimus
575 3415 705 3490 perjuria
718 3415 826 3489 Trojae.

205 3504 275 3564 Jam
291 3507 404 3583 pridem
416 3508 502 3566 nobis
515 3509 586 3567 coeli
600 3516 629 3565 te
646 3508 741 3584 regia,
759 3507 877 3580 Caesar,

207 3596 331 3670 Invidet,
349 3609 439 3676 atque
454 3602 603 3660 hominum
619 3602 755 3678 queritur
767 3623 874 3662 curare
888 3603 1072 3682 triumphos:

207 3689 325 3768 Quippe
339 3694 388 3751 ubi
403 3694 447 3752 l'as
456 3714 575 3754 versum
585 3704 674 3773 atque
686 3697 784 3766 nelas;
797 3706 839 3756 tot
851 3699 928 3756 bella
940 3719 994 3776 per
1004 3702 1117 3772 orbem,
1132 3701 1193 3758 505

174 3830 176 3835 .
205 3780 282 3841 Tam
297 3787 395 3844 multae
409 3789 557 3847 scelerum
572 3789 687 3859 facies;
711 3809 769 3848 non
784 3792 862 3849 nllus
878 3801 977 3851 aratro

203 3874 323 3953 Dignus
337 3878 430 3937 honos
446 3900 453 3949 ;
477 3883 615 3957 squalent
630 3883 766 3940 obductis
781 3903 853 3942 arva
867 3885 991 3957 colonis,

203 3968 244 4030 Et
258 3990 358 4030 curvae
373 3974 499 4051 rigidum
514 3976 607 4034 falces
621 3978 789 4036 conflantur
802 3980 830 4036 in
847 3999 948 4037 ensem
964 3998 971 4037 ε

203 4062 286 4123 Hinc
301 4075 398 4124 movet
415 4067 597 4144 Euphrates,
614 4071 694 4129 illinc
708 4071 871 4131 Germania
886 4074 1014 4134 bellum:

203 4152 330 4230 Vicinos,
346 4160 440 4237 ruptis
455 4160 532 4220 inter
544 4182 578 4220 se
592 4164 720 4241 legibus,
739 4167 828 4225 urbes
1128 4169 1189 4228 510
