2692 5122
228 419 288 477 296
515 413 542 458 r.
562 410 727 456 vinorum
751 408 922 457 uinctus

229 554 317 612 Tunc
332 551 466 630 geminas
481 558 590 620 vestes,
608 568 740 625 auroque
756 557 895 626 ostroque
910 548 1053 626 rigentes,

229 647 344 706 Extulit
357 646 487 716 AEneas‚
505 663 579 720 quas
594 644 635 701 illi
650 643 720 700 laeta
732 642 867 700 laborum

230 740 301 817 Ipsa
314 739 376 797 suis
393 739 541 816 quondam
554 738 688 794 manibus
704 736 824 794 Sidonia
838 735 918 794 Dido

228 834 368 904 Fecerat,
385 841 414 890 et
428 832 509 889 tenui
522 832 599 889 telas
614 831 796 887 discreverat
816 849 897 888 auro.
1176 830 1218 891 Ὶδ

229 928 349 986 Harum
363 946 452 984 unam
462 925 565 1002 juveni
580 943 749 1001 supremum
762 932 886 983 moestus
899 923 1041 982 honorem

229 1020 339 1091 Induit,
357 1038 537 1095 arsurasque
552 1038 654 1076 comas
667 1018 790 1075 obnubit
807 1018 915 1074 amictu
930 1035 937 1073 ε

229 1113 384 1190 Multaque
400 1122 546 1190 praeterea
559 1112 720 1169 Laurentis
735 1112 855 1188 premia
870 1130 978 1188 pugnae

228 1209 376 1285 Aggerat,
393 1216 421 1263 et
435 1208 524 1284 longo
539 1205 667 1282 praedam
678 1206 762 1281 jubet
776 1205 878 1261 ordine
897 1204 975 1262 duci.

228 1301 319 1357 Addit
334 1320 427 1375 equos
442 1309 471 1357 et
485 1300 556 1370 tela,
574 1299 680 1374 quibus
694 1299 873 1375 spoliaverat
892 1297 1016 1357 hostem
1175 1298 1217 1359 00

229 1393 375 1450 Vinxerat
390 1402 418 1450 et
435 1402 499 1469 post
513 1401 600 1469 terga
614 1411 729 1462 manus,
746 1411 820 1465 quos
834 1390 963 1448 mitteret
977 1389 1089 1448 umbris

230 1486 367 1556 Inferias,
382 1506 461 1544 caeso
477 1506 634 1563 sparsuros
649 1487 794 1563 sanguine
812 1487 977 1542 flammam:

230 1581 411 1657 Indutosque
423 1582 507 1656 jubet
522 1590 643 1638 truncos
657 1581 811 1638 hostilibus
830 1580 919 1638 armis

230 1672 316 1751 lpsos
331 1674 407 1731 ferre
422 1674 525 1744 duces,
542 1675 720 1749 inimicaque
735 1675 853 1731 nomina
869 1674 929 1750 ligi.
946 1698 949 1703 ·

228 1766 359 1825 Ducitur
373 1768 472 1825 infelix
488 1788 552 1826 aevo
565 1770 720 1826 consectus
733 1771 867 1839 Aetates,
1176 1764 1215 1827 85

228 1860 358 1918 Pectora
371 1880 450 1919 nunc
465 1862 579 1920 soedans
595 1863 711 1939 pugnis,
728 1882 805 1920 nunc
822 1863 971 1940 unguibus
985 1878 1059 1920 ors:

230 1954 377 2011 Sternitur
390 1962 420 2011 et
433 1963 495 2012 toto
509 1956 659 2031 projectus
672 1975 796 2031 corporo
807 1964 905 2013 terra.

229 2047 352 2105 Ducunt
366 2057 395 2105 et
409 2048 523 2106 Rutulo
538 2050 672 2126 perfusos
687 2050 832 2126 sanguine
847 2068 962 2106 currus.

229 2140 301 2199 Post
316 2143 442 2198 bellator
456 2161 560 2217 equus,
579 2143 679 2219 positis
694 2143 867 2219 insignibus,
882 2141 999 2199 AEthon

229 2233 256 2291 lt
271 2235 448 2311 lacrymans,
465 2237 615 2312 guttisque
630 2237 780 2293 humectat
795 2235 957 2312 grandibus
971 2253 1033 2293 ora.
1175 2234 1217 2293 9⁰

229 2326 358 2384 Hastam
374 2329 424 2385 alii
437 2330 615 2405 galeamque
629 2330 726 2387 ferunt
741 2349 748 2397 ;
772 2348 841 2385 nam
854 2336 966 2386 caetera
976 2327 1100 2385 Turnus

173 2418 184 2439 ¹
230 2421 334 2480 Victor
348 2424 445 2481 habet.
488 2424 565 2480 Tum
580 2434 686 2481 moesta
701 2425 827 2500 phalanx
848 2423 1020 2499 Teucrique
1035 2429 1213 2499 sequuntur,

228 2513 437 2590 Tyrrhenique
452 2515 554 2586 duces,
572 2525 600 2572 et
615 2518 709 2574 versis
724 2517 859 2574 Arcades
873 2517 972 2574 armis.

228 2605 392 2681 Postquam
406 2609 499 2664 omnis
514 2608 600 2684 longe
616 2611 755 2667 comitum
769 2617 956 2687 processerat
970 2609 1053 2680 ordo,

230 2699 364 2755 Substitit
379 2699 504 2770 AEneas,
521 2702 691 2777 gemituque
707 2704 770 2760 haec
787 2704 895 2760 addidit
910 2704 991 2760 alto:
1175 2700 1215 2759 96

228 2794 293 2851 Nos
308 2795 381 2850 alias
394 2794 462 2852 hinc
477 2796 515 2852 ad
529 2797 677 2873 lacrymas
692 2798 795 2854 cadem
809 2799 929 2855 horrida
947 2797 1018 2855 belli

227 2886 306 2943 Fata
320 2897 436 2945 vocant.
478 2891 566 2946 Salve
582 2892 724 2948 aeternirm
740 2892 818 2960 mihi,
836 2892 961 2948 maxime
975 2890 1072 2961 Palla,

228 2980 448 3057 AEternirmque
463 2984 539 3041 vale.
582 2984 610 3040 N
614 3004 648 3041 ec
664 2985 749 3060 plura
763 2985 879 3054 effatus,
897 2985 934 3042 ad
950 2984 1024 3041 altos

227 3074 384 3132 Tendebat
399 3096 508 3145 muros,
526 3098 720 3154 gressumque
736 3079 763 3134 in
779 3088 878 3134 castra
893 3078 1017 3136 ferebat.

267 3170 394 3246 Jamque
410 3182 543 3229 oratores
558 3173 680 3230 aderant
695 3193 731 3230 ex
746 3175 818 3230 urbe
833 3173 954 3245 Latinis,
1159 3174 1216 3232 100

228 3264 329 3322 Veluti
343 3268 433 3324 ramis
448 3269 532 3337 oleae,
549 3270 724 3344 veniamque
738 3278 879 3345 rogantes
895 3289 901 3325 :

229 3356 376 3433 Corpora,
393 3379 446 3435 per
460 3380 580 3436 campos
595 3362 674 3419 ferro
689 3383 754 3437 quoe
770 3363 834 3419 susa
846 3364 999 3437 jacebant,

227 3449 390 3521 Redderet‚
408 3472 443 3509 ac
458 3453 568 3508 tumulo
583 3455 692 3511 sineret
707 3455 871 3512 succedere
886 3468 974 3513 terrae
990 3474 999 3525 3

227 3543 349 3601 Nullum
363 3565 431 3602 cum
446 3546 530 3602 victis
543 3556 693 3604 certamen
708 3557 735 3604 et
751 3549 861 3606 aethere
876 3549 990 3617 cassis3

227 3635 371 3694 Parceret
385 3639 549 3714 hospitibus
564 3642 711 3715 quondam
725 3644 897 3717 socerisque
913 3640 1034 3700 vocatis.
1158 3640 1214 3700 106

228 3727 313 3793 Quos
327 3732 422 3788 bonus
436 3731 565 3802 AEnoaS,
582 3734 660 3791 haud
675 3735 860 3810 aspernanda
876 3743 1044 3811 precantes,

226 3818 421 3897 Prosequitur
435 3825 533 3895 veniri,
550 3834 578 3882 et
594 3827 692 3883 verbis
707 3828 771 3884 haec
786 3828 906 3904 insuper
920 3827 1022 3885 addit:

267 3913 412 3979 Qtraeuam
428 3937 480 3975 vos
494 3928 575 3976 tanto
590 3919 724 3976 Fortuna
740 3921 869 3997 indigna,
886 3920 997 3993 Latini,

227 4005 371 4082 implicuit
387 4011 474 4082 bello,
493 4013 541 4088 qui
556 4034 610 4070 nos
624 4013 744 4090 fugiatis
759 4015 895 4072 amicos?

226 4099 336 4158 Pacem
351 4122 396 4159 me
412 4107 554 4163 exanimis
569 4116 597 4164 et
612 4107 719 4164 Martis
733 4118 812 4165 sorte
827 4108 986 4186 peremptis
1157 4107 1213 4167 110

226 4192 327 4254 Oratis
342 4215 350 4265 ;
375 4199 512 4274 equidem
527 4209 556 4258 et
570 4201 644 4259 vivis
659 4202 825 4260 concedere
842 4203 957 4262 vellem.
