2692 5122
177 400 237 459 250
463 395 490 441 P.
512 395 677 444 vineunt
694 397 865 445 nasonis

177 534 301 593 Mandat
313 534 402 593 humo
416 533 504 592 solita
519 554 527 603 ;
551 543 612 604 aut,
628 536 654 592 si
669 554 727 612 qua
741 535 770 592 id
783 535 902 593 sultuna
920 535 1041 607 vetabit,

178 627 305 687 Absenti
320 628 395 686 ferat
409 629 541 698 inferias,
558 628 739 703 decoretque
756 628 904 704 sepulcro.
1104 629 1165 689 sto

178 721 206 779 N
209 740 246 779 eu
261 721 347 778 matri
361 721 477 778 miaerae
491 721 566 778 tanti
580 721 636 778 sim
649 739 742 778 causa
755 720 865 777 doloris
880 739 888 788 ;

179 813 256 881 Quae
270 823 310 885 te,
327 815 401 885 sola,
417 834 501 892 puer,
515 815 615 872 multis
629 833 646 871 e
660 814 805 884 matribus
819 832 903 883 ausa,
987 848 990 853 -

177 908 383 985 Persequitur,
400 910 500 987 magni
513 927 570 966 nec
584 908 694 966 moenia
707 915 792 964 curat
806 908 936 966 Acestis.

180 1001 234 1059 llle
249 1012 368 1061 autem:
392 1002 510 1062 Causas
525 1002 724 1078 nequidquam
739 1001 834 1058 nectis
847 1000 962 1072 inanes,

177 1095 245 1154 Nec
258 1116 326 1154 mea
334 1097 397 1172 jam
411 1106 524 1155 mutata
537 1096 603 1152 loco
618 1095 766 1153 sententia
780 1093 868 1151 cedit.
1101 1097 1162 1157 22⁰

178 1189 401 1260 Acceleremus,
419 1189 469 1247 ait.
512 1188 627 1266 Vigiles
641 1187 727 1246 simul
742 1186 876 1254 excitat3
899 1184 942 1243 illi
1080 1176 1087 1189 ⁸

179 1282 359 1353 Succedunt,
375 1289 554 1357 serventque
572 1280 671 1338 vices:
694 1279 820 1337 statione
835 1278 941 1336 relictb

179 1373 246 1452 Ipse
261 1395 362 1433 comes
376 1376 452 1433 Niso
468 1375 611 1452 graditur,
627 1391 788 1451 regemque
803 1372 969 1447 requirunt.

218 1468 340 1527 Caetera
354 1489 407 1546 per
419 1477 517 1526 terras
531 1487 634 1525 omnes
648 1466 787 1535 animalia
801 1485 905 1523 samm

177 1558 335 1618 Laxabant
350 1580 450 1631 curas,
467 1569 496 1617 et
511 1560 603 1617 corda
617 1559 708 1616 oblita
722 1559 880 1615 laborum:
1103 1561 1163 1618 226

178 1654 328 1712 Ductores
342 1652 494 1712 Teucriam
510 1653 604 1730 primi,
620 1652 738 1710 delecta
748 1653 900 1727 juventus,

179 1745 346 1807 Consilium
360 1747 480 1805 summis
494 1746 579 1824 regni
593 1746 629 1804 de
644 1747 735 1804 rebus
749 1747 899 1803 habebant
916 1763 924 1815 3

179 1839 259 1907 Quid
274 1841 416 1911 facerent,
435 1840 537 1917 quisve
551 1841 661 1897 AEneoe
672 1840 736 1914 jam
749 1839 869 1896 nuntius
882 1844 973 1896 esset.

178 1934 263 1992 Stant
275 1935 371 2012 longis
386 1935 484 1993 adnixi
499 1935 602 2005 hastis,
619 1943 648 1991 et
663 1946 749 1991 scuta
762 1941 908 2004 tenentes,

179 2024 354 2086 Castrorum
368 2036 398 2086 et
412 2029 508 2105 campi
523 2028 628 2085 medio.
669 2028 747 2085 Tum
761 2027 854 2086 Nisus
868 2035 898 2083 et
912 2026 973 2084 und
1103 2028 1162 2087 Μ

177 2120 328 2197 Euryalus
342 2122 496 2181 confestim
510 2122 628 2180 alacres
642 2121 789 2179 admittier
802 2128 887 2178 orant
901 2139 909 2190 ;

178 2214 256 2272 Rem
270 2234 419 2292 magnam,
437 2217 622 2292 pretiumque
637 2235 726 2273 morae
741 2215 813 2274 sore.
856 2214 975 2272 Primus
990 2211 1075 2273 Iulus

177 2307 303 2384 Accepit
318 2308 458 2384 trepidos,
476 2327 511 2365 ac
527 2308 555 2367 N
558 2309 634 2365 isum
648 2309 748 2366 dicere
759 2308 857 2382 jussit.

84 2435 86 2439 >
176 2399 255 2457 Tum
268 2401 312 2457 sic
327 2400 529 2477 Hyrtacides:
553 2402 661 2459 Audite
676 2422 694 2459 o
708 2402 855 2459 mentibus
869 2401 973 2478 aquis,

178 2492 325 2552 AEneadae
342 2513 349 2562 ;
373 2514 448 2552 neve
463 2494 527 2552 haec
542 2497 649 2553 nostris
663 2504 836 2572 spectentur
849 2497 887 2552 ab
903 2494 1000 2567 annis,
1102 2495 1162 2554 286

178 2585 254 2652 Quae
271 2588 401 2645 serimus.
443 2588 548 2645 Rutuli
562 2609 664 2646 somno
681 2589 808 2664 vinoque
824 2588 913 2646 soluti

177 2678 360 2739 Conticuere
374 2699 380 2737 τ
403 2682 500 2739 locum
514 2683 626 2740 insidiis
640 2683 848 2759 conspeximus
862 2681 927 2759 ipsi,

178 2771 239 2839 Qut
253 2782 332 2850 patet
346 2775 376 2831 in
390 2776 468 2833 bivio
482 2784 585 2852 porta),
603 2797 667 2853 quae
683 2777 815 2854 proxima
829 2789 940 2853 ponto;

177 2865 338 2945 lnterrupti
352 2869 446 2945 ignes,
464 2878 587 2944 aterque
602 2870 640 2927 ad
654 2870 752 2927 sidera
766 2871 864 2928 fumus

175 2958 318 3038 Erigitur.
362 2962 392 3019 Si
407 2961 524 3020 fortuni
539 2965 705 3039 permittitis
721 2965 772 3036 uti,

178 3053 346 3120 Quaesitum
359 3055 482 3113 AEnean
498 3056 535 3112 ad
550 3057 660 3114 moenia
673 3058 829 3115 Pallantea

176 3146 248 3204 Mox
262 3148 312 3206 hic
327 3168 395 3206 cum
409 3150 520 3226 apullia,
536 3150 647 3227 ingenti
662 3150 744 3208 caede
760 3149 893 3226 peraotd,

176 3240 279 3296 Affore
295 3242 433 3299 cernetis.
477 3242 543 3299 Nec
557 3263 611 3300 nos
626 3243 674 3299 via
688 3243 760 3301 fallit
775 3251 881 3300 euntes
896 3261 903 3298 τ

178 3331 312 3389 Vidimus
327 3333 462 3390 obscuris
477 3335 598 3410 primam
613 3337 667 3393 sub
683 3335 808 3393 vallibus
824 3337 926 3393 urbem

176 3421 296 3481 Venatn
312 3425 440 3495 assiduo,
458 3434 486 3480 et
501 3433 592 3483 totum
607 3429 799 3506 cognovimus
817 3447 943 3486 amnem.
1101 3427 1161 3486 24⁵

176 3516 238 3575 Hic
252 3519 337 3576 annis
351 3519 452 3596 gravis
467 3529 556 3595 atque
570 3523 659 3579 animi
674 3532 806 3581 maturus
821 3523 943 3581 Aletes:

175 3611 216 3668 Di
231 3612 326 3688 patrii,
345 3631 468 3687 quorum
483 3633 599 3691 semper
612 3617 666 3672 sub
681 3617 799 3673 numine
814 3615 907 3692 Troja
921 3623 977 3687 est,

176 3704 244 3761 Non
259 3714 356 3762 tamen
369 3706 487 3763 omnino
499 3708 636 3766 Teucros
650 3708 750 3766 delere
765 3711 887 3786 paratis,

177 3793 277 3861 Quum
291 3798 367 3855 tales
382 3799 495 3856 animos
505 3801 647 3874 juvenum
665 3811 693 3859 et
708 3811 767 3860 tam
783 3813 866 3861 certa
879 3804 988 3862 tulistis

175 3884 312 3948 Pectora.
356 3893 406 3949 Sic
420 3912 597 3965 memorans,
614 3896 752 3953 humeros
766 3897 945 3972 dextrasque
959 3898 1081 3955 tenebat
1101 3895 1158 3955 25⁰

176 3981 349 4055 Amborum,
366 3993 395 4041 et
411 3987 521 4044 vultum
535 3987 674 4064 lacrymis
689 3999 778 4065 atque
793 4009 847 4047 ora
861 3991 986 4068 rigabat.

176 4074 252 4142 Qum
268 4078 360 4149 vobis,
378 4098 443 4154 quae
458 4080 558 4158 digna,
575 4082 640 4151 viri,
658 4102 710 4157 pro
725 4083 862 4141 laudibus
877 4084 951 4154 istis,

174 4169 302 4228 Proemia
315 4191 400 4248 posse
416 4192 486 4233 rear
499 4175 572 4232 solvi
588 4175 599 4230 .>
639 4175 846 4235 Pulcherrima
860 4177 985 4256 primitm
