2692 5122
455 735 650 784 Buconica
688 739 768 787 ECL.
787 738 819 786 X.

140 874 244 949 cute,
259 875 323 935 sive
340 875 411 935 mihi
423 875 550 952 Phyllis,
565 876 629 935 sive
643 885 723 936 esset
736 878 893 955 Amyntas,

140 970 202 1028 Seu
218 969 398 1047 quicumque
413 969 496 1028 furor
511 967 597 1046 (quid
610 978 682 1042 tum,
699 970 724 1029 si
738 971 842 1029 fuscus
855 970 1003 1047 Amyntas
1020 967 1031 1025 l

140 1061 184 1122 Et
195 1062 290 1142 nigras
305 1063 391 1122 violas
406 1071 485 1134 sunt,
501 1072 532 1121 et
551 1064 687 1123 vaccinia
701 1065 816 1143 nigra),

141 1155 262 1215 Mecum
276 1155 356 1214 inter
369 1156 480 1215 salices
493 1156 576 1216 lenti
589 1160 645 1216 snb
659 1158 718 1216 vite
729 1159 846 1234 jaceret
861 1176 869 1216 t

142 1250 231 1308 Serta
244 1248 316 1308 mihi
328 1249 445 1326 Phyllis
463 1251 589 1328 legeret,
606 1259 742 1309 cantaret
754 1252 909 1329 Amyntas.

142 1341 207 1403 Hic
219 1341 310 1421 gelidi
325 1343 431 1415 fontes,
447 1342 498 1403 hic
513 1344 611 1403 mollia
625 1354 721 1422 prata,
737 1344 872 1421 Lycori3

142 1436 207 1497 Hic
221 1457 326 1496 nemus
342 1456 351 1507 3
373 1436 423 1499 hic
437 1439 501 1516 ipso
514 1447 614 1497 tecum
636 1457 831 1497 consumerer
845 1457 919 1497 aevo.

182 1534 211 1592 N
214 1553 273 1593 unc
287 1534 410 1593 maanus
424 1553 508 1592 amor
521 1533 587 1592 duri
601 1541 632 1593 te
646 1533 755 1592 Martis
768 1534 799 1592 in
813 1532 904 1591 armis

142 1626 222 1686 Tela
233 1626 312 1686 inter
326 1626 425 1685 media
438 1635 528 1703 atque
543 1627 685 1685 adversos
699 1627 812 1685 detinet
825 1625 927 1684 hostes
942 1643 951 1695 3

142 1720 205 1792 Tu,
220 1720 324 1798 procul
338 1738 357 1777 a
370 1718 476 1798 patrii,
494 1720 565 1797 (nec
578 1721 616 1778 sit
629 1719 700 1778 mihi
713 1720 838 1778 credere
852 1726 967 1778 tantum
980 1713 1002 1794 Ι)
1025 1780 1032 1796 ,

145 1813 281 1890 Alpinas,
297 1813 336 1872 ah
350 1812 425 1871 dura
441 1815 448 1871 !
469 1813 554 1872 nives
568 1820 597 1871 et
612 1813 725 1891 frigora
738 1812 840 1871 Rheni

145 1905 199 1965 Me
213 1907 276 1966 sine
290 1907 356 1966 sola
368 1907 461 1966 videa.
504 1906 552 1965 Ah
567 1909 574 1964 l
595 1915 624 1965 te
644 1926 681 1964 ne
696 1906 810 1986 frigora
823 1905 932 1965 laudant
948 1908 956 1964 l

146 2000 195 2059 Ah
210 2003 217 2057 !
238 2001 291 2059 tibi
304 2019 343 2059 na
357 2008 477 2059 teneras
491 2000 606 2080 glacies
620 2008 702 2059 secet
718 2018 826 2077 aspera
839 1999 956 2077 plantas
970 2000 978 2058 l

184 2091 247 2166 Ibo,
263 2102 304 2165 et,
320 2092 497 2153 Chalcidico
512 2112 578 2170 quse
593 2100 661 2152 aunt
676 2093 746 2152 mihi
761 2093 880 2151 condita
892 2110 982 2152 versu

148 2184 302 2259 Carmina,
318 2188 447 2266 pastoris
462 2188 555 2246 Siculi
569 2187 744 2246 modulabor
759 2186 865 2246 aveni.

150 2279 273 2342 Certum
287 2289 332 2339 est
345 2281 375 2339 in
389 2281 483 2353 silvis,
498 2281 575 2339 inter
588 2282 702 2359 spelaea
714 2281 845 2339 ferarum

150 2374 246 2436 Malle
260 2377 331 2453 pati,
346 2376 518 2452 tenerisque
533 2395 615 2435 meos
630 2376 762 2434 incidere
777 2394 895 2433 amores

151 2469 336 2528 Arboribus:
359 2477 499 2528 crescent
511 2469 570 2527 illae
587 2488 595 2538 3
619 2468 774 2538 crescatis,
791 2486 917 2526 amores.

151 2564 270 2624 Interea
283 2567 381 2624 mixtis
395 2567 531 2624 lustrabo
544 2564 678 2623 Maenala
692 2563 849 2642 Nymphis,

150 2660 209 2718 Aut
223 2679 311 2718 acres
324 2662 457 2719 venabor
470 2678 559 2737 apros
576 2679 583 2728 3
607 2679 666 2717 non
680 2677 727 2716 me
743 2658 803 2716 ulla
818 2658 960 2716 vetabunt

150 2752 277 2832 frigora
289 2753 468 2812 Parthenios
482 2754 607 2811 canibus
621 2753 808 2810 circumdare
822 2751 930 2810 saltus.

149 2845 217 2904 Jam
231 2846 302 2905 mihi
316 2865 370 2923 per
382 2865 472 2923 rupes
486 2847 589 2904 videor
603 2846 747 2922 lucosque
762 2853 904 2903 sonantes

150 2940 197 2999 Ire
214 2960 222 3011 3
245 2942 318 3000 libet
332 2940 443 2998 Partho
455 2950 597 3016 torquere
613 2939 752 3017 Cydonia
767 2959 862 2998 cornu

151 3034 279 3112 Spicula.
322 3033 478 3110 Tanquam
492 3033 557 3092 haec
572 3034 629 3091 sint
648 3034 742 3091 nostri
756 3032 904 3090 medicina
919 3030 1037 3104 furoris,

150 3126 212 3185 Aut
225 3126 300 3186 deus
313 3127 363 3184 ille
377 3127 463 3184 malis
478 3126 628 3184 hominum
643 3127 799 3184 mitescere
814 3125 910 3183 discat
926 3127 933 3182 ἔ

150 3219 217 3278 Jam
231 3238 328 3296 neque
343 3219 574 3296 Hamadryades
589 3239 705 3277 rursum
719 3238 775 3277 nec
790 3218 924 3277 carmina
938 3217 1024 3277 nobis

151 3312 221 3391 Ipsa
234 3314 353 3391 placent
369 3333 377 3383 3
401 3313 483 3391 ipsa,
500 3331 618 3371 rursum
632 3312 799 3383 concedite,
815 3312 908 3370 silvai.

151 3406 178 3464 N
181 3425 219 3465 on
234 3406 315 3465 illum
328 3407 421 3465 nostri
435 3414 558 3484 possunt
571 3413 686 3463 mutare
700 3405 819 3462 labores
835 3423 843 3472 3

151 3498 218 3558 Nec
230 3500 256 3557 si
270 3499 429 3578 frigoribus
443 3497 548 3556 mediis
563 3497 762 3573 Hebrumque
776 3497 922 3567 bibamus,

152 3591 360 3668 Sithoniasque
374 3592 459 3649 nives
473 3591 578 3648 hiemis
592 3591 753 3648 subeamus
768 3608 888 3665 aquosa
904 3606 912 3659 3

152 3682 218 3744 Nec
232 3685 268 3756 si,
286 3704 376 3762 quum
390 3685 520 3743 moriens
535 3682 597 3742 alut
610 3684 686 3741 liber
700 3693 764 3741 aret
779 3683 808 3740 in
823 3682 913 3754 ulmo,

152 3777 329 3856 AEthiopum
342 3797 496 3839 versemus
510 3797 582 3836 ovea
595 3779 651 3834 sub
665 3776 763 3833 sidere
779 3774 902 3835 Cancri.

152 3871 259 3930 Omnia
274 3873 366 3932 vincit
380 3874 474 3931 Amor
490 3892 497 3941 3
521 3880 551 3931 et
565 3892 620 3930 nos
636 3871 778 3929 cedamus
791 3870 931 3929 Amori.’'

191 3965 270 4025 Haec
284 3975 331 4025 sat
345 3967 411 4038 erit,
427 3967 513 4036 divae,
529 3974 661 4023 vestrum
675 3964 822 4021 cecinisse
837 3964 964 4040 poetam,

152 4057 232 4118 Dum
247 4059 344 4131 sedet,
360 4068 390 4118 et
404 4059 510 4137 gracili
524 4057 667 4116 fiscellam
682 4058 754 4114 texit
769 4057 894 4126 hibisco,

152 4153 288 4214 Pierides
303 4174 311 4225 3
335 4173 389 4213 vos
403 4155 468 4212 haec
484 4154 600 4212 facietis
615 4153 741 4210 maxima
757 4151 847 4210 Gallo
863 4170 870 4208 ε

153 4246 253 4319 Gallo,
269 4247 356 4324 cujus
368 4267 452 4305 arnor
464 4247 579 4304 tantum
593 4246 663 4304 mihi
677 4245 787 4303 crescit
802 4245 831 4302 in
846 4245 946 4316 horas,

155 4340 307 4408 Quantirm
321 4360 392 4399 vere
407 4360 484 4398 novo
498 4339 600 4397 viridis
613 4359 646 4397 se
662 4338 780 4413 subjicit
796 4339 890 4396 alnus.

194 4435 359 4511 Surgnmus
374 4453 381 4490 t
404 4433 480 4492 solet
495 4451 562 4490 esse
577 4433 678 4510 gravis
693 4433 882 4490 cantantibus
896 4431 1002 4490 umbra
1018 4450 1026 4501 3

155 4526 291 4604 Juniperi
305 4527 406 4605 gravia
421 4529 525 4585 umbra
541 4545 549 4595 3
573 4536 680 4584 nocent
696 4535 725 4583 et
740 4526 876 4603 frugibus
890 4527 1012 4583 umbras.

156 4619 202 4680 lte
216 4620 345 4693 domum,
361 4629 483 4692 saturas,
500 4619 581 4677 venit
594 4618 764 4696 Hesperus,
781 4620 832 4737 ipe,
849 4616 983 4694 capellae.
