2692 5122
927 376 932 385 ι

513 776 689 828 AENEIDOS
709 780 778 827 ΜΒ.
793 779 839 826 Vl.

181 916 332 987 Quaesitor
346 917 445 976 Minos
459 937 564 976 urnam
578 927 697 976 movet:
720 919 770 975 ille
784 914 923 975 silentrim

180 1011 522 1088 Conciliumquevocat,
538 1013 674 1089 vitasque
690 1024 719 1069 et
734 1010 859 1068 crimina
871 1009 967 1070 discit.

178 1104 318 1164 Proxima
333 1104 438 1163 deinde
452 1113 555 1162 tenent
569 1105 668 1162 moesti
681 1105 759 1175 loca,
777 1105 827 1181 qui
842 1104 898 1162 sibi
911 1104 1002 1161 letum

179 1196 316 1257 Insontes
331 1195 475 1277 peperire
490 1217 590 1269 manu,
608 1199 765 1273 lucemque
780 1198 878 1276 perosi
1107 1197 1166 1255 435

178 1290 339 1367 Projecbre
355 1292 478 1351 animas.
522 1291 623 1358 Quam
637 1292 747 1348 vellent
762 1292 873 1350 aethere
888 1290 918 1349 in
932 1290 992 1348 alto

178 1385 266 1444 Nunc
281 1394 311 1442 et
327 1386 498 1464 pauperiem
512 1394 542 1443 et
556 1385 647 1443 duros
662 1385 794 1462 perferre
809 1387 948 1443 labores!
1039 1436 1041 1444 ,

179 1480 238 1539 Fas
252 1482 362 1552 obstat,
379 1482 515 1557 tristique
531 1482 615 1559 palus
629 1482 797 1539 inamabilis
811 1480 892 1539 andi

150 1566 156 1583 ‘
178 1575 300 1652 diligat,
317 1583 347 1631 et
360 1575 464 1632 novies
479 1576 551 1651 Styx
566 1575 711 1633 interfusa
726 1578 856 1633 coercet.

177 1666 242 1727 Nec
258 1668 361 1745 procul
376 1667 446 1725 hinc
461 1677 574 1745 partem
590 1668 646 1726 susi
661 1677 862 1726 monstrantur
876 1668 904 1725 in
920 1685 1037 1727 omnem
1107 1668 1166 1726 440

177 1759 330 1838 Lugentes
345 1761 443 1837 campi
459 1779 467 1830 ;
490 1761 534 1818 sic
549 1761 615 1818 illos
629 1762 746 1819 nomine
760 1762 870 1819 dicunt.

177 1851 249 1924 Hic,
266 1873 341 1929 quos
355 1853 448 1911 durus
463 1873 546 1911 amor
560 1854 674 1911 crudeli
688 1857 756 1911 tabe
772 1854 897 1932 peredit,
914 1897 923 1922 ,

178 1947 291 2004 Secreti
306 1948 406 2005 celant
420 1947 524 2017 calles,
541 1954 570 2004 et
585 1956 701 2022 myrtea
715 1946 828 2005 circum

178 2038 257 2097 Silva
271 2040 345 2117 tegit
360 2059 367 2108 3
391 2059 473 2098 cura
490 2059 549 2097 non
563 2038 629 2117 ipsa
643 2041 672 2098 in
688 2054 781 2097 morte
796 2041 978 2118 relinquunt.

176 2131 233 2191 His
242 2133 402 2191 Phaedram
413 2134 597 2209 Procrinque
610 2135 693 2204 locis,
707 2142 902 2212 moestamque
913 2133 1091 2213 Eriphylen,
1104 2135 1164 2193 445

178 2224 318 2285 Crudelis
332 2226 396 2284 nati
409 2235 621 2284 monstrantem
634 2229 769 2298 vulnera,
786 2229 893 2300 cernit,

175 2318 393 2396 Euadnenque‚
409 2328 439 2377 et
453 2320 632 2396 Pasiphaen.
675 2320 735 2378 His
749 2321 916 2379 Laodamia

177 2410 202 2470 lt
215 2432 340 2482 comes;
363 2422 393 2471 et
410 2413 530 2489 juvenis
551 2413 709 2488 quondam,
726 2414 952 2486 nunciamus,
968 2412 1082 2486 Caenis,

175 2504 294 2564 Rursus
308 2515 337 2563 et
351 2507 382 2564 in
396 2515 529 2562 veterem
544 2505 604 2563 sato
618 2506 754 2563 revoluta
768 2507 904 2584 liguram.

176 2595 257 2657 luter
272 2619 346 2675 quas
360 2599 521 2657 Phoenissa
533 2618 641 2657 recens
656 2619 674 2657 a
688 2600 811 2657 vulnere
829 2600 911 2657 Dido
1106 2601 1164 2660 450

175 2692 304 2751 Errabat
317 2691 395 2751 silvi
409 2693 439 2750 in
453 2691 582 2770 magnai:
606 2713 694 2769 quarn
708 2693 819 2751 Troius
833 2694 934 2765 heros,

175 2785 213 2844 Ut
228 2786 354 2863 primum
370 2788 455 2862 juxta
469 2786 560 2857 stetit,
578 2787 759 2864 agnovitque
774 2807 828 2864 per
842 2788 978 2846 umbram

176 2878 354 2950 Obscuram,
373 2880 491 2955 qualem
506 2880 599 2956 primo
614 2881 664 2956 qui
678 2901 803 2958 surgere
818 2900 920 2940 mense

175 2972 235 3032 Aut
250 2974 340 3044 videt,
357 2982 408 3030 aut
423 2973 531 3030 vidisse
547 2984 641 3050 putat,
658 2994 710 3051 per
724 2975 827 3033 nubila
840 2977 950 3047 lunam,

175 3066 301 3124 Demisit
316 3067 476 3142 lacrymas,
493 3067 631 3143 dulcique
647 3069 753 3127 affatus
768 3088 869 3127 amore
884 3076 950 3128 est:
1104 3070 1163 3128 455

175 3159 281 3218 Infelix
296 3160 387 3230 Dido,
404 3170 493 3217 verus
507 3161 577 3217 mihi
591 3163 712 3219 nuntius
726 3183 799 3240 ergo

175 3252 495 3337 Venerat'extinctam,
512 3254 650 3330 serraque
666 3264 798 3312 extrema
813 3258 968 3314 secutam!

174 3345 313 3417 Funeris,
330 3347 388 3404 heu
402 3349 409 3402 !
430 3347 484 3404 tibi
498 3367 591 3404 causa
605 3347 664 3405 sui!
706 3348 766 3405 Per
779 3348 879 3405 sidera
894 3347 974 3423 juro,

174 3438 232 3497 Per
247 3442 388 3516 Superos,
406 3448 435 3497 et
450 3440 475 3496 si
491 3459 549 3515 qua
568 3439 642 3497 fides
656 3441 763 3497 tellure
777 3441 833 3497 sub
848 3437 908 3497 imai
922 3448 978 3511 est,

175 3529 299 3603 invitus,
318 3533 434 3609 regina,
449 3541 501 3589 tuo
516 3532 552 3589 de
567 3532 663 3589 littore
679 3533 765 3590 cessi.
1104 3537 1163 3594 460

176 3625 233 3682 Sed
249 3645 296 3682 me
314 3625 401 3701 jussa
415 3625 514 3696 deirm,
532 3645 597 3700 quae
613 3645 692 3682 nunc
706 3626 760 3682 has
775 3625 817 3682 ire
832 3645 886 3704 per
900 3627 1031 3700 umbras,

174 3717 232 3776 Per
246 3719 315 3776 loca
329 3728 415 3776 senta
429 3718 487 3776 situ
502 3727 623 3795 cogunt,
641 3727 817 3795 noctemque
832 3720 1018 3797 profundam,

176 3809 311 3890 Imperiis
326 3811 417 3891 egire
431 3813 493 3871 suis
507 3833 515 3882 ;
540 3832 596 3870 nec
611 3813 735 3871 credere
751 3814 831 3890 quivi

176 3903 267 3963 Hunc
282 3914 397 3963 tantum
410 3907 463 3963 tibi
476 3927 523 3964 me
538 3907 674 3964 discessu
688 3908 765 3965 ferre
781 3908 922 3968 dolorem.

176 3998 251 4057 Siste
267 4000 404 4076 gradum,
420 4008 509 4076 teque
524 4000 667 4078 adspectu
682 4021 719 4058 ne
734 4003 875 4060 subtrahe
891 4011 1001 4063 nostro.
1103 4008 1162 4064 465

177 4091 274 4158 Quem
288 4092 368 4170 sugis
384 4093 395 4148 ?
417 4101 580 4151 extremum
594 4094 663 4165 sato,
681 4095 759 4171 quod
773 4104 802 4152 te
817 4096 963 4172 alloquor,
978 4097 1036 4157 hoc
1050 4106 1105 4158 est.

176 4184 300 4243 Talibus
315 4187 435 4244 AEneas
450 4187 603 4244 ardentem
617 4198 646 4246 et
660 4197 746 4245 torva
764 4197 895 4247 tuentem

176 4276 303 4337 Lenibat
317 4279 404 4336 dictis
417 4280 557 4351 animum,
574 4281 782 4358 lacrymasque
797 4283 905 4343 ciebat.

177 4370 231 4429 Illa
245 4373 309 4430 solo
324 4372 399 4429 fixos
413 4373 516 4431 oculos
530 4393 637 4431 aversa
650 4378 771 4433 tenebat
788 4395 795 4445 ;

177 4462 242 4522 Nec
257 4464 355 4543 magis
368 4466 486 4543 incepto
501 4467 612 4524 vultum
627 4487 762 4526 sermone
777 4478 922 4543 movetur,
1102 4475 1161 4531 470

179 4555 276 4624 Quam
289 4559 316 4617 si
330 4558 405 4617 dura
419 4558 493 4617 silex
508 4568 558 4618 aut
572 4569 629 4619 stet
642 4561 797 4639 Marpesia
810 4572 922 4624 cautes.
