2692 5122
500 750 674 799 alumnos
694 751 764 799 LIII.
780 750 857 800 VIII.

190 886 254 946 Stat
268 885 383 959 domus,
400 895 429 946 et
443 890 558 968 scopuli
571 890 723 968 ingentem
736 888 855 949 traxere
870 889 995 947 ruinam.
1108 875 1114 886 ’

188 977 251 1039 Hic
265 981 409 1058 spelunca
424 982 487 1052 fuit,
502 993 587 1041 vasto
601 985 737 1042 submota
751 1003 886 1054 recessu,

188 1072 397 1133 Semibominis
412 1074 489 1134 Caci
503 1076 598 1135 facias
612 1096 700 1153 quam
713 1077 778 1134 dira
790 1077 921 1146 tenebat,

188 1165 267 1225 Solis
282 1168 470 1227 inaccessam
482 1171 597 1240 radiis;
621 1189 797 1247 semperque
811 1169 925 1227 recenti

189 1257 282 1318 Caede
297 1263 418 1338 tepebat
432 1263 540 1322 humus
553 1283 561 1333 ;
585 1264 756 1339 foribusque
770 1262 860 1320 affixa
872 1259 1008 1339 superbis

189 1353 251 1413 Ora
266 1353 361 1413 viram
374 1357 451 1415 tristi
465 1358 633 1435 pendebant
647 1357 757 1435 pallida
770 1358 849 1416 tabo.

189 1446 272 1506 Huic
286 1458 418 1508 monstro
433 1451 589 1509 Vulcanus
602 1459 667 1509 erat
681 1460 786 1528 pater:
810 1451 888 1508 illius
903 1458 984 1508 atros

190 1541 249 1601 Ore
264 1563 386 1602 vomens
400 1545 497 1623 ignes,
513 1544 623 1624 magud
636 1565 668 1604 se
683 1545 760 1603 mols
775 1545 900 1603 serebat.

190 1632 296 1696 Attulit
310 1646 340 1696 et
354 1639 440 1697 nobis
454 1640 615 1716 aliquando
628 1639 798 1716 optantibus
812 1646 887 1696 aetas

189 1731 339 1789 Auxilium
355 1732 574 1810 adventumque
589 1734 646 1792 dei.
683 1734 761 1791 Nam
776 1732 921 1791 maximus
935 1732 1023 1803 ultor,

190 1823 362 1903 Tergemini
375 1846 451 1885 nece
466 1827 616 1904 Geryonae
631 1827 792 1905 spoliisque
806 1828 963 1903 superbus,

189 1918 312 1977 Alcides
327 1920 441 1991 aderat,
457 1929 620 1996 taurosque
634 1919 693 1978 hec
707 1920 803 1978 victor
815 1921 924 1997 agebat

190 2009 332 2089 Ingentes
346 2032 353 2082 ;
380 2014 545 2089 vallemque
561 2015 651 2072 bovas
666 2032 841 2090 amnemque
855 2014 1007 2071 tenebant.

189 2105 228 2165 At
241 2105 327 2164 furiis
341 2105 418 2165 Caci
431 2126 515 2164 mens
530 2106 632 2179 effera,
648 2125 686 2164 ne
702 2105 772 2183 quid
786 2106 923 2165 inausum

113 2194 116 2199 ’
189 2200 249 2258 Aut
262 2201 455 2258 intractatum
468 2200 630 2259 scelerisve
644 2199 741 2258 dolive
756 2200 870 2271 suisset,

192 2291 329 2362 Quatuor
343 2313 360 2352 a
374 2295 498 2351 stabulis
512 2294 666 2371 praestanti
679 2312 804 2371 corpore
818 2302 920 2351 tauros

190 2387 316 2458 Avertit,
332 2387 453 2445 totidem
468 2385 564 2445 sormi
577 2394 737 2463 superante
747 2386 895 2460 juvencas
908 2404 916 2454 ;

190 2483 289 2558 Atque
304 2482 368 2553 bos,
385 2500 423 2539 ne
440 2500 499 2557 qua
513 2481 609 2539 forent
624 2479 749 2557 pedibus
764 2479 890 2556 vestigia
903 2477 1005 2550 rectIs,

191 2574 299 2636 Caudi
313 2575 343 2633 in
357 2574 531 2651 speluncam
544 2582 669 2644 tractos,
686 2572 840 2648 versisque
856 2572 971 2629 viarum

191 2667 323 2739 Iudiciis,
340 2676 440 2746 raptos
454 2687 527 2725 saxo
541 2667 713 2726 occultabat
728 2686 831 2744 opaco.
896 2667 897 2670 ’

193 2763 347 2833 Quaerenti
360 2765 443 2822 nulla
458 2764 495 2822 ad
510 2764 683 2841 speluncam
698 2764 786 2841 signa
799 2763 943 2821 serebant.

191 2857 320 2928 Interea,
338 2877 428 2934 quum
437 2857 500 2933 jam
514 2857 638 2914 stabulis
652 2865 787 2914 saturata
801 2864 932 2914 moveret

190 2951 470 3030 Amphitryoniades
485 2961 628 3021 armenta,
644 2951 814 3026 abitumque
829 2958 960 3027 pararet,

191 3044 337 3105 Discessu
352 3046 466 3122 mugire
483 3047 585 3116 boves,
602 3053 692 3121 atque
707 3063 793 3102 omne
809 3043 938 3120 querelis

191 3140 311 3217 Impleri
325 3157 439 3209 nemus,
456 3148 485 3196 et
501 3139 592 3196 colles
607 3139 737 3196 clamore
750 3138 888 3214 relinqui.

191 3231 332 3290 Reddidit
347 3251 407 3288 una
421 3233 508 3288 boum
522 3250 637 3301 vocem,
654 3239 797 3305 vastoque
812 3232 867 3288 sub
880 3239 967 3287 antro

191 3325 310 3404 Mugiit,
324 3335 354 3383 et
370 3324 445 3384 Caci
459 3344 541 3401 spem
556 3325 704 3382 custodita
718 3324 831 3382 sesellit.

192 3420 253 3480 Hic
268 3419 340 3479 verb
355 3419 470 3477 Alcidae
486 3419 570 3476 furiis
584 3426 737 3476 exarserat
757 3426 822 3474 atro

191 3513 275 3574 Felle
290 3514 374 3572 dolor
389 3532 396 3569 ε
421 3512 496 3587 rapit
512 3531 594 3568 arma
608 3530 708 3581 manu,
724 3510 869 3583 nodisque
884 3515 1039 3585 gravatum

192 3608 308 3678 Robur,
325 3615 354 3664 et
369 3592 484 3664 aetherii
498 3624 588 3662 cursu
603 3604 675 3680 petit
690 3602 784 3660 ardua
798 3602 914 3661 montis.

172 3700 269 3759 'Tum
284 3700 409 3778 primirm
424 3698 517 3756 nostri
532 3698 649 3756 Cacum
664 3694 765 3754 vidire
779 3696 940 3768 timentem,

193 3793 418 3870 Turbatumque
433 3792 537 3849 oculis.
579 3791 672 3868 Fugit
685 3790 766 3847 ilicet
779 3790 862 3847 ocior
874 3790 969 3861 Euro,

194 3886 517 3966 Speluncamquepetit
531 3904 537 3942 ε
561 3885 686 3963 pedibus
699 3885 786 3942 timor
800 3884 910 3941 addidit
924 3884 997 3942 alas.

192 3979 230 4039 Ut
245 4000 312 4039 sese
328 3981 457 4051 inclusit,
473 3979 627 4056 ruptisque
642 3978 768 4035 immane
784 3977 897 4034 catenis

193 4073 312 4150 Dejecit
326 4093 440 4144 saxum,
457 4073 536 4130 ferro
552 4071 629 4148 quod
644 4080 673 4128 et
688 4080 752 4128 arte
769 4069 894 4147 paternii
978 4133 979 4136 Ἴ

194 4169 358 4238 Pendebat,
375 4169 523 4244 fultosque
538 4167 660 4225 emuniit
674 4166 760 4223 obice
776 4173 897 4242 postes;

194 4261 275 4321 Ecce
291 4263 392 4321 furens
408 4263 512 4319 animis
527 4261 630 4318 aderat
643 4260 829 4336 Tirynthius,
846 4276 1021 4335 omnemque

195 4356 360 4413 Accessum
375 4356 514 4425 lustrans,
531 4355 589 4411 buc
605 4372 657 4410 ora
670 4337 786 4411 ferebat
800 4363 830 4411 et
845 4354 925 4423 illuc,
1003 4343 1009 4350 ⁸

194 4446 343 4508 Dentibus
357 4449 536 4507 infrendens.
577 4447 641 4504 Ter
654 4454 747 4504 totum
761 4447 892 4504 fervidus
907 4445 953 4504 iris

195 4539 317 4601 Lustrat
332 4543 471 4600 Aventini
485 4551 612 4599 montem
628 4560 635 4609 ;
660 4550 705 4598 ter
719 4559 812 4599 saxea
826 4549 920 4598 tentat
