2692 5122
503 784 680 831 AENElDOS
700 784 769 830 ΗΒ.
784 785 804 830 1.

156 923 187 981 A
200 931 297 1000 tergo,
315 931 344 980 et
359 922 479 1000 longum
494 942 548 1000 per
561 923 656 980 vallos
671 923 801 1000 poscitur
816 940 933 1002 agmen.

157 1016 300 1076 Constitit
314 1014 374 1086 hic,
391 1035 553 1092 arcumque
568 1035 658 1073 manu
673 1016 848 1092 celeresque
862 1016 989 1107 sagittus

158 1109 323 1187 Corripuit,
340 1108 416 1167 lidus
432 1128 498 1185 quae
513 1110 574 1167 telo
587 1111 711 1186 gerebat
724 1109 857 1168 Achates
870 1128 878 1178 ;

158 1202 369 1279 Ductoresque
384 1203 464 1280 ipsos
480 1203 614 1280 primirm,
630 1204 730 1281 eapite
744 1204 965 1297 ultuserentes⁸

158 1294 312 1354 Cornibus
325 1296 470 1366 arboreis,
486 1297 591 1354 sternit
605 1316 613 1366 ;
636 1307 699 1355 tum
713 1297 842 1373 vulgus;
859 1304 889 1353 et
912 1312 1028 1353 omnem
1090 1295 1147 1352 190

157 1388 267 1447 Miscet
282 1408 376 1466 agens
390 1389 458 1446 telis
472 1409 595 1448 nemore
609 1391 687 1448 inter
700 1389 824 1448 frondeo
837 1390 963 1447 turbam.

157 1482 226 1541 Nec
239 1482 322 1561 priirs
336 1483 461 1553 absistit,
480 1484 569 1560 quum
583 1494 697 1562 septem
712 1483 844 1561 ingentio
858 1483 955 1541 victor

158 1575 298 1655 Corpora
312 1575 413 1634 fundat
427 1578 518 1648 humi,
534 1586 564 1635 et
578 1596 735 1635 numerum
749 1596 816 1634 cum
830 1576 957 1634 navibus
970 1582 1078 1653 aequet.

157 1669 241 1728 Hinc
255 1678 371 1747 portum
385 1652 512 1748 petit,‘et
526 1672 625 1729 socios
639 1671 766 1747 partitur
779 1672 808 1727 in
823 1689 936 1727 omnes.

157 1762 249 1834 Vino,
265 1765 360 1821 bonus
376 1783 442 1840 quae
456 1764 562 1822 deinde
578 1764 660 1821 cudis
675 1764 813 1822 onerbret
828 1765 956 1821 Acestes
1090 1763 1146 1821 195

156 1855 273 1915 Littore
286 1856 455 1928 Trinacrio,
472 1857 654 1934 dederetque
669 1858 848 1917 obeuntibus
860 1856 960 1927 heros,

156 1948 282 2022 Dividit,
298 1959 328 2008 et
342 1951 428 2009 dictis
444 1954 600 2011 moerentis
613 1962 735 2030 pectore
747 1953 856 2009 mulcet
870 1970 877 2008 :
943 1972 974 2034 ς

156 2042 186 2102 Ο
199 2043 284 2113 socii,
302 2044 414 2121 (neque
428 2045 507 2102 enim
520 2046 617 2122 ignari
631 2065 733 2104 sumus
748 2045 816 2103 onte
831 2045 1004 2124 malorum)

156 2136 186 2196 Ο
200 2137 281 2213 possi
294 2137 539 2297 graviorqssbit
553 2139 627 2196 deus
642 2140 688 2196 bis
703 2159 821 2216 quoque
835 2139 933 2197 finem.

156 2228 222 2288 Vos
236 2238 265 2287 et
279 2231 437 2307 Scyllaeum
506 2233 563 2289 iem
577 2234 753 2310 penitusque
767 2242 909 2291 sonantes
1086 2233 1147 2291 200

157 2320 297 2382 Accistis
311 2325 450 2401 scopulos
464 2344 472 2394 ;
498 2345 550 2383 vos
565 2336 595 2383 et
609 2326 757 2402 Cyclopia
774 2345 850 2383 sexo

156 2416 291 2493 Experti.
334 2417 489 2475 Revocote
505 2419 628 2488 animos,
643 2430 840 2495 moestumque
855 2420 991 2477 timorem

156 2508 266 2567 Mittite
280 2530 288 2578 ;
311 2510 411 2568 sorson
427 2520 455 2567 et
470 2511 536 2568 haec
550 2512 619 2569 olim
634 2513 802 2569 meminisse
820 2512 945 2588 juvebit.

155 2600 219 2660 Per
232 2603 330 2661 varios
344 2623 445 2673 cesus,
462 2623 516 2680 per
529 2613 572 2660 tot
587 2603 757 2662 discrimina
770 2624 882 2676 rerum,

155 2694 322 2754 Tendimus
335 2696 365 2754 in
379 2696 511 2766 Latium,
528 2697 616 2753 sedes
634 2697 683 2754 ubi
699 2698 759 2755 soto
774 2698 890 2773 quietas
1088 2698 1147 2756 206

155 2788 326 2848 Ostendunt
340 2810 347 2847 ε
370 2791 430 2848 illic
445 2790 490 2848 ses
504 2810 600 2868 regna
614 2810 773 2869 resurgere
787 2791 896 2867 Trojae.

155 2882 288 2955 Durste,
298 2876 334 2945 Ut
348 2895 460 2943 vosmet
475 2887 565 2943 rebus
581 2895 699 2944 servate
718 2886 867 2945 secundis.

111 3046 136 3061 „-
197 2976 287 3036 Tulin
300 2997 375 3036 voce
390 2979 493 3050 refert,
508 2980 648 3056 curisque
663 2980 833 3057 ingentibus
850 2999 960 3061 teger,

157 3071 248 3147 Spem
263 3072 344 3130 vultu
358 3072 485 3144 simulat,
503 3073 607 3150 premit
624 3074 715 3130 ultum
728 3074 819 3131 corde
833 3066 974 3132 dolorem.

157 3163 208 3221 llli
220 3185 254 3221 se
269 3166 376 3241 praedae
391 3166 549 3243 accingunt
563 3167 747 3244 dapibusque
763 3167 888 3224 suturis:
1086 3168 1146 3225 210

155 3259 297 3337 Tergors
310 3261 456 3338 deripiunt
470 3262 574 3333 costis,
589 3271 618 3319 et
634 3264 752 3320 viscera
765 3262 878 3320 nudent
893 3282 901 3331 ;

156 3352 236 3411 Pers
250 3355 278 3411 in
293 3354 386 3413 frusta
400 3366 515 3426 secant,
531 3357 721 3430 verubusque
736 3355 894 3412 trementia
908 3355 1002 3439 figunt
1017 3374 1024 3424 ;

156 3448 273 3507 Littore
288 3450 384 3509 ebena
398 3453 498 3509 locunt
513 3452 574 3520 olii,
590 3451 783 3525 flammasque
798 3436 983 3509 ministrant(

156 3542 239 3600 Tum
252 3544 331 3601 victu
346 3552 488 3603 revocant
503 3545 582 3600 vires
598 3563 605 3610 ;
629 3542 744 3617 lusique
760 3562 813 3620 per
826 3543 950 3601 borbum

158 3634 322 3713 Implentur
336 3637 447 3696 veteris
461 3637 575 3694 Bacchi
590 3636 767 3713 pinguisque
783 3636 894 3695 serinae.
1087 3637 1147 3695 215

199 3729 361 3806 Postquam
374 3744 511 3807 exempto
525 3730 617 3787 sames
631 3730 737 3807 epulis,
753 3750 924 3807 mensaeque
938 3739 1071 3805 remoto),

156 3822 294 3881 Amissos
308 3824 395 3902 longo
410 3826 508 3882 socios
523 3843 660 3881 sermone
674 3827 840 3901 requirunt,

158 3918 308 3992 Spemque
323 3927 489 3993 metumque
504 3919 581 3976 inter
595 3918 686 3988 dubii,
703 3938 757 3976 seu
772 3919 872 3976 vivere
891 3919 1026 3992 credunt,

158 4008 230 4066 Sive
244 4018 375 4067 extremo
390 4011 460 4087 peti,
474 4031 531 4068 nec
548 4013 611 4086 jum
625 4012 767 4070 exaudire
782 4022 914 4073 vocatos.

156 4101 315 4199 Praeciptgb
330 4104 395 4181 pius
408 4104 530 4162 AEueos
545 4125 624 4163 nunc
639 4106 718 4163 ocris
731 4106 848 4177 Oronti,
1087 4108 1148 4171 220

156 4194 188 4255 N
193 4214 250 4252 unc
263 4194 369 4272 Amyci
383 4216 487 4255 cesum
501 4200 602 4274 gemit,
619 4208 649 4257 et
664 4199 797 4257 crudelis
810 4219 914 4258 secum

156 4286 238 4347 Fata
250 4288 337 4365 Lyci,
354 4288 518 4367 sortemque
537 4292 638 4367 Gyan,
655 4292 819 4371 sortemque
834 4294 1025 4356 Cloanthum

143 4366 184 4428 4
200 4380 240 4439 Et
250 4382 313 4457 jam
328 4383 394 4441 finis
407 4394 482 4455 erut,
500 4404 591 4460 quum
602 4386 722 4464 Jupiter
736 4389 846 4446 oethere
861 4408 974 4459 summo

155 4474 339 4551 Despiciens
353 4496 433 4536 mure
449 4478 618 4550 velivolum,
633 4490 790 4556 terresque
807 4468 983 4557 jacentes,”

154 4570 346 4649 Littoruque,
362 4585 392 4630 et
405 4574 482 4634 letos
496 4576 632 4655 populos,
648 4576 692 4635 sic
706 4577 818 4651 vertice
832 4532 1034 4929 ΜΗ(
1087 4575 1146 4633 225

931 4866 948 4957 l
1190 4940 1194 4947 .

919 4934 991 5068 ,l'
