2692 5122
515 760 691 809 flumas
716 761 786 811 ma.
801 761 837 808 11.

185 900 376 1051 Attqssentem
389 899 461 971 iras,
477 907 506 957 et
520 900 633 959 carrula
647 901 725 959 colla
737 907 898 959 tumentem
912 918 919 956 :

185 993 252 1053 Hau
270 980 378 1050 “secus
392 992 573 1070 Androgeus
588 995 652 1053 visu
666 993 858 1051 tremefactus
872 993 981 1052 abibat.

184 1087 336 1156 Irruimus,
353 1086 452 1144 densis
467 1095 497 1143 et
511 1086 774 1146 circumfundimur
788 1087 877 1145 armis
891 1105 900 1156 ;

184 1179 368 1258 lgnamsque
383 1179 441 1237 loci
455 1179 564 1256 passim
578 1188 607 1236 et
622 1180 775 1237 formidine
789 1188 891 1257 captos

137 1266 366 1345 N-Ster'nimus:
390 1274 519 1350 adspirat
535 1275 628 1352 primo
642 1277 760 1335 fortuna
774 1276 879 1336 labori.
907 1336 911 1345 ,
930 1336 943 1343 ,,

182 1369 277 1443 Atque
291 1367 501 1426 hicsuccessu
516 1370 667 1427 exsultans
681 1368 845 1445 animisque
860 1369 1021 1440 Coroebus,

182 1461 305 1532 Osocii,
323 1461 380 1538 qu⁶
399 1462 500 1538 prima,
516 1462 621 1537 inquit,
637 1463 772 1521 Fortuna
785 1464 889 1521 salutis

180 1548 327 1613 Monstrat
342 1484 408 1627 neh,
424 1554 544 1631 qudque
558 1556 685 1615 ostendit
699 1575 732 1627 se
747 1556 861 1627 dextra,
878 1573 1047 1631 sequamur.

181 1642 330 1706 Mutamus
344 1649 476 1725 clypeos,
492 1648 690 1726 Danaumque
705 1649 834 1726 insignia
848 1649 934 1707 nobis

180 1741 345 1820 Aptenius:
367 1742 465 1819 dolus,
480 1762 517 1800 an
533 1744 635 1813 virtus,
651 1743 717 1820 quis
732 1743 761 1800 in
775 1743 858 1801 hoste
874 1742 1007 1818 requirat
1022 1741 1032 1799 l

179 1837 271 1893 Arma
285 1834 396 1892 dabunt
410 1834 483 1911 ipsi}
519 1836 569 1893 Sic
583 1837 671 1905 fatus,
687 1818 792 1894 deihdc
807 1845 973 1895 comantem

179 1927 331 2005 Androgei
344 1929 462 2006 galeam
476 1929 633 2006 clypeique
648 1930 762 2007 insigne
778 1931 919 1988 decorum

180 2021 323 2091 Induitur',
340 2022 485 2097 laterique
499 2023 645 2099 Argivum
658 2023 860 2101 accommodat
875 2043 986 2083 ensem.

179 2113 245 2173 Hoc
260 2115 408 2191 Rhipeus,
425 2115 480 2171 hoc
495 2115 557 2192 ipse
572 2114 698 2191 Dymas,
715 2117 870 2193 omnisque
886 2117 1028 2192 juventus

178 2207 261 2269 lucta
275 2209 368 2277 sacit3
390 2210 490 2286 spoliis
505 2229 537 2267 sc
554 2211 678 2286 quisque
692 2212 863 2289 recentibus
877 2220 982 2271 armat.

179 2300 321 2360 Vadimus
334 2303 453 2361 immixti
468 2303 595 2373 Danais,
611 2303 691 2360 haud
705 2305 823 2362 numine
838 2314 962 2374 nostr-03

178 2394 333 2472 Multaque
348 2415 401 2473 per
415 2416 527 2453 caecam
541 2397 695 2473 congressi
710 2398 817 2472 proclia
829 2406 947 2455 noctem

179 2488 371 2548 conserimus
385 2509 392 2557 ;
417 2489 524 2547 multos
538 2487 679 2546 Danaum
693 2489 871 2547 demittimus
885 2491 977 2549 Orco.

177 2581 344 2660 Diffugiunt
359 2583 409 2640 alii
425 2582 462 2639 ad
477 2601 579 2652 navos,
596 2591 626 2639 et
641 2582 739 2639 littora
758 2602 848 2640 cursu

164 2666 251 2735 'Fida
265 2685 389 2752 petunt;
414 2696 483 2752 pars
497 2676 647 2752 ingentem
662 2676 815 2733 formidine
829 2677 908 2755 turpi

178 2768 328 2827 Scandunt
343 2790 446 2839 rursus
460 2762 580 2845 equum,
597 2778 626 2826 et
642 2768 712 2826 notd
726 2766 937 2828 conduntu'r'in
951 2771 1026 2831 alvo.

177 2862 247 2922 Heu
263 2868 269 2920 !
292 2863 363 2921 nihil
378 2864 476 2921 invitis
492 2864 537 2921 sas
552 2850 730 2938 quemquam
746 2863 837 2921 fidere
852 2863 935 2924 divis.

172 3002 203 3039 s
215 2957 300 3015 Ecce
314 2957 487 3014 trahebatur
501 2956 596 3032 passis
610 2955 760 3013 Priameia
774 2956 858 3033 vjrgo

179 3048 320 3109 Crinibus
335 3069 354 3106 a
366 3050 473 3124 templo
488 3049 662 3107 Cassandra
675 3049 831 3126 adytisque
845 3050 1001 3123 Minerva,

177 3144 225 3203 Ad
239 3143 349 3201 coelum
363 3142 487 3199 tendens
501 3142 634 3200 ardentia
647 3144 759 3203 lumina
773 3144 882 3201 frustra
896 3163 903 3213 ;

179 3236 317 3305 Lum'ma,
334 3254 401 3313 nam
414 3243 533 3292 teneras
548 3237 690 3296 arcebant
705 3237 823 3293 vincula
838 3237 961 3313 palmas.

176 3330 245 3388 Non
258 3308 416 3387 lullthanc
430 3329 561 3404 speciem
575 3326 685 3387 luriatd
699 3338 797 3385 mente
812 3327 974 3398 Coroebus,

176 3422 217 3481 Er
230 3442 298 3480 sese
314 3421 440 3479 medium
455 3414 554 3496 injecit
571 3421 719 3496 periturus
734 3421 762 3477 iri
778 3439 895 3496 agmen.

176 3515 398 3592 Consequimur
411 3515 522 3584 cuncti,
539 3523 568 3570 et
583 3514 683 3570 densis
698 3514 875 3571 incurrimus
890 3514 993 3571 armis.

175 3608 239 3669 Hic
254 3609 378 3687 primum
391 3628 428 3665 ex
443 3608 504 3665 alto
517 3607 633 3664 delubri
647 3607 774 3663 culmine
788 3607 856 3665 telis

177 3702 353 3761 *lastrorum
368 3702 529 3771 obruimur,
546 3700 699 3775 oriturque
713 3700 878 3759 miserrima
892 3700 1003 3774 caedes,

176 3796 336 3854 Armorum
350 3795 426 3873 facie
441 3803 470 3851 et
483 3794 644 3852 Graiarum
664 3813 765 3851 errore
782 3794 932 3869 jubarum.

174 3888 254 3947 Tum
268 3888 380 3958 Danai,
396 3889 507 3964 gemitu
522 3896 613 3961 atque
627 3896 737 3964 ereptas
752 3887 875 3964 virginis
889 3887 945 3959 ird,

175 3978 315 4057 Undique
331 3981 450 4038 collecti
464 3979 603 4038 invadunt
619 4000 626 4048 ;
650 3980 814 4039 acerrimus
827 3980 916 4056 Ajax,

174 4073 217 4137 Et
230 4074 341 4152 gemini
354 4073 477 4143 Atridae,
492 4073 702 4150 Dolopumque
717 4073 866 4132 exercitus
880 4074 995 4133 omnis:

174 4165 306 4226 Adversi
320 4175 406 4244 rupto
420 4186 476 4224 ceu
492 4164 640 4242 quondam
653 4166 770 4224 turbine
786 4167 865 4225 venti

175 4257 361 4338 Confligunt,
379 4260 607 4337 Zephyrusque,
621 4259 790 4336 Notusque,
807 4269 836 4317 et
850 4260 936 4319 latus
949 4260 1024 4321 Eois

176 4354 281 4414 Eurus
294 4356 379 4432 equis
393 4375 401 4424 ;
424 4356 551 4416 stridunt
566 4355 647 4413 silvae
661 4375 669 4423 3
694 4357 837 4431 saevitque
852 4357 971 4416 tridenti

176 4448 325 4526 Spumeus
340 4459 429 4525 atque
444 4450 501 4509 imo
517 4449 545 4507 N
548 4467 637 4507 erens
650 4449 709 4506 ciet
724 4468 845 4524 equora
858 4450 958 4511 fundo.

145 4594 148 4599 .
175 4541 227 4608 llli
240 4544 340 4615 etiam,
356 4543 382 4601 si
396 4562 470 4619 quos
484 4542 614 4603 obseord
627 4551 714 4603 nocte
728 4562 781 4620 per
794 4545 930 4603 umbram
