2692 5122
411 793 420 811 0
503 741 681 791 mnsroos
700 743 770 792 mo.
785 744 805 791 ι.

160 878 206 939 Hi
225 897 340 939 summo
355 878 385 938 in
399 880 490 939 ductu
505 881 635 960 pendent
651 902 659 953 ;
681 883 728 942 bis
741 883 821 942 unda
834 882 993 945 dehiscens

159 974 287 1033 Terram
302 974 380 1032 inter
392 974 501 1033 fluctus
516 977 611 1053 aperit
627 996 634 1033 ε
657 976 727 1035 furit
741 986 832 1037 aestus
846 978 957 1039 arenis.

101 1074 108 1083 '
159 1067 240 1125 Tres
252 1066 282 1126 N
285 1076 352 1126 otu
366 1068 505 1146 abreptas
520 1069 550 1127 in
564 1089 639 1127 saxa
652 1070 775 1130 latentia
787 1080 907 1151 torquet
922 1092 930 1131 r

161 1162 242 1219 Saxa
256 1169 364 1221 vocant
379 1160 459 1231 ltali,
475 1163 580 1221 mediis
595 1184 662 1240 qum
677 1164 706 1222 in
721 1165 870 1237 fluctibus,
885 1168 989 1238 Aren

159 1253 293 1314 Dorsum
310 1255 438 1315 immane
453 1257 527 1315 meri
542 1277 666 1317 summo.
711 1259 790 1318 Tres
803 1260 906 1319 Eurus
919 1262 957 1319 ab
971 1260 1033 1320 alto
1096 1262 1152 1321 110

161 1346 197 1407 ln
211 1349 315 1407 brevia
329 1358 359 1407 et
374 1359 471 1427 syrtes
486 1360 584 1428 urget,
602 1352 787 1428 (miserabile
802 1353 867 1413 risu
879 1354 902 1433 1)

161 1440 291 1519 llliditqu
327 1443 421 1515 vadis,
439 1452 527 1521 atque
543 1465 657 1523 aggere
672 1447 764 1525 cingit
781 1466 898 1533 arenae,

158 1534 269 1606 Unam,
287 1462 480 1615 dudlpcios
502 1538 652 1616 fidumque
667 1540 795 1598 vehebat
809 1516 965 1615 Orodt'e'm,

162 1626 261 1706 Ipsius
275 1638 344 1687 ante
359 1631 463 1688 oculos
478 1632 583 1709 ingens
597 1651 616 1689 a
630 1632 743 1691 vertice
758 1644 866 1711 pontus

161 1722 197 1781 lo
217 1724 337 1801 puppim
351 1724 418 1782 serit
435 1743 442 1793 ;
466 1726 627 1797 excutitur,
643 1747 815 1804 pronusque
829 1728 974 1806 magister
1097 1726 1152 1785 116

159 1814 300 1874 Volvitur
313 1817 343 1876 iu
358 1826 448 1895 caput
464 1838 473 1890 ς
496 1827 542 1878 ast
556 1821 637 1878 illam
650 1828 697 1879 ter
711 1820 820 1879 fluctus
833 1822 943 1880 ibidem
1260 1806 1265 1813 ⁹

161 1907 297 1987 Torquet
312 1930 405 1989 agens
419 1911 543 1984 circirm,
560 1921 590 1971 et
608 1913 730 1991 rapidus
743 1922 827 1973 rorat
841 1933 962 1991 aequore
976 1921 1090 1975 vortex.

160 2004 316 2081 Apparcot
331 2005 390 2063 rari
408 2014 514 2064 nantes
529 2007 558 2064 in
573 2008 692 2085 gurgite
706 2014 812 2077 vast03

160 2098 255 2156 Arma
269 2096 374 2169 virdm,
389 2100 571 2176 tabulaeque,
588 2113 619 2159 et
632 2101 726 2160 Troia
740 2121 820 2179 gaza
834 2121 886 2179 per
899 2100 1005 2161 uades.

159 2190 230 2249 Jam
244 2192 371 2250 validam
386 2192 491 2253 Ilionei
509 2213 626 2266 navem,
645 2194 707 2270 jam
722 2195 806 2253 sortis
819 2196 958 2267 Achatae,
1096 2194 1153 2253 1110

161 2285 202 2345 Et
218 2286 277 2363 quai
289 2298 394 2347 vectus
408 2290 503 2360 Abas,
520 2296 550 2347 et
566 2289 627 2365 qud
643 2289 823 2368 grandaevus
836 2291 953 2362 Aletes,

163 2379 244 2439 Vicit
259 2350 374 2471 ὴὶᾉῐῗη
397 2383 474 2439 laxis
487 2383 615 2439 laterum
629 2384 823 2460 compagibus
838 2401 941 2441 omnes

163 2474 323 2552 Accipiunt
343 2475 496 2533 inimicum
511 2475 646 2546 imbrem,
663 2475 804 2551 rimisque
819 2475 1006 2563 fatiscunt-g.⁵

202 2567 267 2626 Inte
285 2588 322 2626 ea
337 2568 581 2649 magnomisceri
599 2588 750 2657 murmupe
765 2576 895 2646 pontum,
1205 2627 1210 2635 ,

162 2589 401 2741 Emmilsamque
416 2652 544 2720 hiemem
559 2662 651 2721 sensit
667 2658 836 2739 Neptunus,
852 2669 881 2719 ct
896 2659 962 2719 imis
1098 2662 1153 2720 leo

164 2744 277 2834 Stagna¹
290 2756 392 2813 refusa
406 2756 502 2827 vadis,
517 2757 651 2834 grauiter
664 2764 828 2814 commotus
844 2774 852 2825 ;
876 2764 906 2814 et
921 2756 981 2814 alto

162 2847 363 2927 Prospicieas,
380 2848 496 2908 summai
510 2826 657 2927 placidum
672 2860 761 2928 caput
775 2848 878 2908 extulit
894 2848 982 2909 uadi.

162 2941 330 3018 Disjectam
344 2944 449 3001 AEneoe
464 2952 525 3002 toto
541 2944 619 3002 videt
636 2964 757 3021 aequore
772 2945 911 3016 classem,

162 3036 319 3095 Fluctibus
333 3056 492 3114 oppressos
504 3039 601 3096 Troes
615 3039 745 3115 coelique
759 3036 856 3097 ruind.

162 3130 229 3189 Nec
244 3129 360 3189 latuere
374 3131 433 3189 doli
448 3131 569 3190 fratrem
579 3131 707 3191 lunonis
720 3140 749 3189 et
765 3133 826 3190 irae.
1097 3130 1153 3189 1³0

116 3214 121 3221 ’
161 3224 279 3283 Eurum
293 3224 331 3283 ad
345 3244 377 3283 ee
393 3226 625 3303 Zephyrumque
640 3236 728 3284 vocat
743 3246 750 3295 ;
775 3225 883 3284 debinc
896 3225 971 3284 talia
983 3224 1085 3284 fatur:
1172 3279 1177 3286 .

201 3318 341 3377 Tantane
356 3338 408 3377 vos
422 3321 544 3396 generis
558 3321 652 3377 tenuit
671 3319 781 3377 fiducia
795 3320 886 3376 vestri
904 3318 914 3373 l

161 3412 232 3471 Jam
246 3412 356 3473 coelum
369 3423 540 3489 terramque
555 3430 621 3469 meo
636 3412 700 3469 sine
715 3411 846 3481 numine,
862 3410 954 3481 venti,
986 3432 997 3452 ⁹

162 3503 310 3577 Miscere,
327 3515 356 3564 et
370 3516 469 3563 tantas
484 3504 601 3563 audetis
613 3505 720 3561 tollere
735 3503 828 3560 moles
842 3502 856 3593 Ξ
872 3496 884 3513 ’

140 3674 143 3679 Ι
163 3602 251 3671 Quos
264 3622 321 3681 ego
337 3649 345 3662 .
362 3648 369 3661 .
386 3649 393 3661 .
427 3601 484 3658 Sed
500 3608 594 3658 motos
609 3608 728 3677 praestat
744 3616 921 3689 componere
934 3597 1052 3657 fluctus.
1098 3598 1154 3656 1³5

154 3690 238 3757 ¹Pdst
256 3698 324 3755 mihi
339 3717 397 3754 non
411 3694 498 3753 simili
513 3692 604 3770 poeud
618 3693 776 3751 commissa
789 3692 892 3763 luetis?

162 3790 315 3851 Maturate
330 3782 441 3869 lugam,
458 3789 583 3867 regique
597 3788 662 3846 haec
676 3787 765 3846 dicite
781 3796 913 3872 vestrog¹

161 3884 193 3945 N
195 3904 234 3943 on
248 3885 290 3943 illi
305 3884 458 3962 imperium
472 3883 582 3961 pelagi,
598 3900 770 3957 saevumque
784 3880 953 3952 tridentem,

162 3978 224 4037 Sed
238 3978 307 4037 mibi
322 3988 401 4036 sorte
416 3977 524 4036 datum.
566 3976 665 4034 Tenet
680 3975 728 4032 ille
744 3975 882 4033 immania
896 3992 982 4047 sara,

160 4070 303 4144 Vestras,
317 4072 412 4142 Eure,
429 4071 531 4129 domos
548 4089 555 4127 ι
579 4067 631 4128 illd
645 4087 678 4127 se
694 4069 790 4144 jactet
803 4068 833 4127 in
848 4066 920 4129 aulai
1096 4068 1153 4127 140

160 4164 287 4237 AEolus,
303 4174 333 4223 ct
350 4165 454 4225 clauso
468 4172 623 4221 ventorum
638 4182 761 4220 carcere
776 4170 891 4240 regnet.
1081 4157 1087 4173 '

206 4258 255 4318 Sic
270 4260 321 4331 ait,
337 4268 367 4317 et
385 4258 464 4317 dicto
479 4257 566 4315 citius
579 4256 692 4315 tumida
707 4275 829 4332 aequora
843 4255 952 4333 placat,

162 4352 378 4439 Collectasque
399 4353 481 4430 sugat
499 4353 605 4421 nubes,
622 4351 774 4425 solemque
788 4351 913 4410 reducit.

162 4445 342 4523 Cymothoe,
357 4447 442 4504 simul
457 4454 486 4503 et
499 4445 604 4503 Triton
620 4442 754 4514 adnixus,
771 4453 884 4507 acuto·
1142 4498 1150 4508 ‚

161 4538 336 4603 Dotrudunt
350 4560 443 4600 naves
456 4541 579 4619 scopulo
593 4558 601 4609 ;
625 4540 704 4599 levat
719 4539 782 4616 ipso
795 4538 915 4598 tridenti
928 4557 938 4610 ς
1094 4536 1150 4594 145
