2692 5122
176 374 236 434 2⁴4
349 368 352 391 ·
460 368 671 416 evincunt
694 367 865 417 nasonis

177 509 206 569 N
209 509 273 567 obis
287 508 323 566 ad
338 507 408 565 belli
422 508 562 565 auxilium
576 527 628 584 pro
641 507 759 565 nomine
772 513 856 564 tauto

177 602 303 679 Exiguae
318 601 417 657 vires:
440 600 508 657 hinc
522 600 624 657 Tusco
639 598 803 657 claudimur
817 596 906 667 amni,

178 696 260 754 Hinc
275 696 406 753 Rutulus
420 695 535 771 premit,
552 703 581 751 et
595 712 710 752 murum
724 694 922 750 circumsonat
940 688 1040 749 umis.

178 790 237 849 Sed
251 790 303 847 tibi
318 808 375 866 ego
389 790 526 865 ingentes
541 787 664 864 populos
678 787 874 864 opulentaque
888 784 992 862 regnis
1101 782 1162 843 ste

176 882 197 941 J
199 901 310 960 ungere
324 889 424 939 castra
438 900 519 957 paro,
537 898 625 956 quam
639 879 700 937 fors
714 879 832 954 inopina
845 878 973 935 sulutem

176 975 313 1033 Ostentet
327 993 335 1042 ;
359 974 442 1031 Fatis
456 974 514 1031 huc
527 986 557 1030 te
571 972 760 1049 poscentibus
775 971 876 1028 affers.

176 1067 269 1126 Haud
285 1068 387 1144 procul
401 1067 471 1124 hinc
484 1084 556 1123 saxo
572 1066 710 1122 incolitur
724 1064 847 1122 fundata
860 1069 977 1121 vetusto

176 1159 266 1218 Urbis
280 1160 429 1237 Agyllinae
443 1159 541 1228 sedes,
558 1159 608 1214 ubi
621 1157 718 1234 Lydia
731 1156 879 1233 quondam

70 1235 75 1257 ⁵
176 1252 271 1324 Gens,
288 1253 365 1310 bello
381 1252 536 1329 praeclara,
548 1252 629 1328 jugis
644 1250 750 1308 insedit
767 1249 914 1307 Etruscis.
1099 1249 1160 1308 teu

177 1345 268 1402 Hauc
284 1345 390 1402 multos
404 1345 558 1401 florentem
572 1363 663 1402 annos
677 1362 729 1400 rex
744 1341 850 1399 deinde
864 1342 992 1418 superbo

177 1435 305 1513 Imperio
320 1438 451 1495 etsaevis
464 1437 557 1494 tenuit
572 1436 740 1495 Mezentius
754 1435 853 1494 armis.

178 1528 257 1596 Quid
272 1548 432 1587 memorem
446 1529 580 1586 infandas
594 1529 703 1599 caedes,
720 1528 790 1604 quid
804 1528 885 1586 sacta
897 1526 1016 1603 tyranni

177 1622 280 1680 Effera
296 1625 302 1679 l
325 1620 366 1679 Di
380 1622 469 1698 capiti
483 1621 575 1698 ipsius
589 1621 752 1699 generique
767 1622 938 1679 reservent!

176 1714 296 1772 Mortua
312 1715 381 1791 quin
396 1715 483 1773 etiam
493 1715 639 1791 jungebat
653 1733 779 1791 corpora
792 1714 877 1785 vivis,
1099 1715 1159 1775 406

178 1807 368 1884 Componens
382 1809 576 1883 manibusque
591 1828 695 1866 manus
710 1817 797 1884 utque
812 1808 914 1866 oribus
926 1825 991 1880 ora,

176 1901 328 1959 Tormenti
343 1905 459 1979 genus!
480 1911 510 1959 et
523 1902 606 1959 saule
619 1904 749 1978 taboque
764 1903 889 1959 fluentes

178 1993 343 2071 Complexu
358 1995 388 2052 in
403 1994 511 2052 misero
524 1994 616 2072 longi
628 1996 671 2053 sic
685 2003 779 2052 morte
794 1995 930 2052 necabat.

177 2086 219 2145 At
233 2087 304 2145 sessi
318 2087 438 2145 tandem
452 2088 534 2145 cives
548 2089 667 2146 iusuuda
681 2088 826 2145 furentem

176 2181 292 2238 Armati
307 2181 527 2238 circumsistunt
541 2181 695 2257 ipsumque
709 2180 885 2255 domumque
899 2199 907 2238 t
1099 2180 1157 2240 490

176 2272 361 2331 Obtruncant
376 2272 483 2343 socios,
492 2273 599 2351 ,ignem
613 2273 649 2331 ad
663 2273 784 2350 fastigia
793 2272 918 2347 jactant.

177 2364 231 2423 Ille
246 2365 323 2423 inter
336 2365 449 2423 caedem
463 2365 641 2424 Rutulorum
656 2367 776 2442 elapsus
790 2366 820 2423 in
834 2384 923 2442 agros

176 2457 360 2535 Confugere,
376 2467 405 2515 et
420 2454 517 2516 Turni
530 2459 682 2518 defendier
695 2459 817 2535 hospitis
831 2458 929 2517 armis

175 2550 259 2628 Ergo
273 2551 366 2608 omnis
380 2550 464 2608 furiis
477 2552 604 2608 surrexit
617 2551 740 2609 Etruria
749 2552 838 2627 justis
853 2571 861 2621 3

176 2643 292 2720 Regem
307 2644 344 2700 ad
358 2644 534 2720 supplicium
548 2644 685 2720 praesenti
699 2643 798 2701 Marte
813 2649 981 2720 reposcunt.
1098 2645 1158 2703 49⁶

176 2737 236 2795 His
250 2758 307 2815 ego
320 2746 360 2807 te,
376 2738 490 2808 AEnea,
507 2738 660 2795 ductorem
673 2738 802 2795 millibus
816 2738 932 2797 addam.

175 2830 253 2888 Toto
266 2850 393 2906 namque
409 2830 535 2888 fremunt
549 2830 706 2888 condensae
721 2831 818 2888 littore
835 2849 958 2907 puppes,

176 2924 325 3001 Signaque
341 2924 417 2981 serre
427 2925 549 3000 jubent:
571 2924 678 2981 retinet
693 2924 846 2999 longaevus
860 2923 1021 3000 haruspex,

175 3016 252 3075 Feta
266 3036 377 3074 canens
391 3036 398 3073 :
420 3017 449 3075 0
463 3016 599 3075 Maeoniae
613 3016 730 3073 delecta
740 3017 891 3091 juventus,

175 3110 246 3167 Flos
260 3120 392 3167 veterum
407 3111 558 3185 virtusque
573 3108 678 3182 viritur,
696 3129 769 3184 quos
779 3110 876 3184 justus
890 3109 919 3167 in
933 3108 1049 3167 hostem
1098 3109 1156 3168 δα)

175 3202 247 3259 Fert
261 3203 354 3273 dolor,
370 3212 399 3261 et
413 3202 520 3261 meriti
534 3204 669 3261 accendit
684 3202 856 3260 Mezentius
870 3200 926 3273 ire,

175 3294 257 3351 Nulli
272 3295 317 3352 sus
330 3295 406 3352 Italo
421 3303 533 3353 tentam
547 3297 727 3373 subjungere
741 3306 860 3373 gentem
878 3314 885 3363 ;

174 3385 323 3443 Externos
338 3396 435 3463 optate
449 3386 549 3445 duces.
591 3389 668 3446 Tum
682 3389 813 3447 Etrusca
827 3388 937 3446 resedit

175 3479 244 3537 Hoc
260 3481 340 3537 acies
354 3499 468 3556 campo,
484 3481 600 3539 monitis
615 3484 756 3541 exterrita
772 3480 880 3540 diviim.

175 3573 244 3650 Ipse
259 3581 392 3630 oratores
407 3573 443 3629 ad
458 3593 504 3630 me
518 3575 662 3650 regnique
681 3595 822 3634 coronam
1097 3573 1156 3631 506

175 3665 253 3724 Cum
268 3674 386 3741 sceptro
400 3665 487 3736 misit,
504 3651 681 3743 mandelque
697 3669 824 3746 insignia
836 3668 970 3741 Tarcho,

175 3761 340 3817 Succcdam
355 3761 470 3830 castris,
487 3762 703 3838 Tyrrhenaque
719 3784 812 3842 regna
831 3783 996 3842 capessam.

175 3852 232 3909 Sed
248 3852 317 3909 mihi
330 3853 414 3910 tarda
428 3853 497 3930 gelu
511 3854 668 3929 saeclisque
683 3857 783 3915 effoeta
801 3870 942 3917 senectus

175 3943 289 4002 Invidet
304 3945 466 4020 imperium,
483 3965 617 4023 seraeque
633 3949 669 4005 ud
683 3949 769 4007 sortia
788 3952 876 4010 vires.
911 3966 916 3980 ¹

175 4037 285 4098 Netum
299 4038 483 4109 exhortarer,
500 4039 540 4109 ni,
557 4041 663 4099 mixtus
677 4053 770 4100 matre
791 4042 922 4114 Sabelli,
1096 4044 1157 4104 cto

175 4129 256 4189 Hinc
270 4138 383 4207 partem
398 4134 500 4210 patrias
513 4134 653 4194 traheret.
696 4137 755 4208 Tu,
772 4138 858 4212 cujus
871 4148 901 4196 et
916 4137 1001 4196 annis
