2692 5122
487 776 708 826 uuouolcou
726 778 797 826 utu.
812 779 858 831 IV.

175 914 278 992 Usque
292 914 434 975 coloratis
446 916 540 975 amnis
555 916 687 975 devexus
702 920 740 977 ab
755 917 845 989 Indis,

175 1009 278 1069 Omnis
292 1009 323 1067 in
336 1008 395 1068 hdo
410 1020 525 1069 certam
539 1011 623 1089 regio
640 1012 715 1087 jacit
730 1021 794 1071 arte
808 1013 945 1072 salutem.

175 1103 312 1182 Exiguus
327 1103 463 1182 primum,
480 1113 569 1182 atque
584 1107 665 1183 ipsos
679 1115 849 1165 contractus
865 1106 902 1164 ad
916 1125 999 1180 usus,
1104 1108 1165 1167 303

176 1196 306 1275 Eligitur
319 1198 404 1256 locus
419 1217 426 1254 :
450 1199 530 1257 hunc
546 1201 724 1277 angustique
739 1201 861 1259 imbrice
875 1201 947 1259 tecti

176 1291 403 1369 Parietibusque
418 1303 554 1371 premunt
570 1296 683 1365 arctis;
707 1304 736 1353 et
751 1303 879 1371 quatuor
892 1293 1014 1367 addunt,

177 1384 315 1452 Quatuor
328 1406 346 1444 a
360 1387 467 1459 ventis,
483 1386 607 1464 obliqui
620 1389 688 1447 luce
702 1388 859 1447 fenestras.

176 1478 252 1537 Tum
266 1480 387 1552 vitulus,
402 1479 484 1539 bimd
497 1501 627 1540 curvans
644 1482 707 1557 jam
721 1502 835 1541 cornua
847 1481 956 1553 fronte,

177 1571 331 1640 Quaritur
345 1593 352 1631 :
375 1574 445 1632 huic
459 1575 585 1652 geminae
599 1595 690 1634 nares
704 1585 734 1634 et
747 1576 868 1654 spiritus
888 1575 947 1633 oris
1105 1576 1165 1634 300

175 1665 273 1724 Multa
285 1667 445 1726 reluctanti
459 1669 604 1741 obsuitur,
621 1670 778 1748 plagisque
792 1676 946 1747 perempto

175 1759 280 1818 Tunsa
294 1779 349 1837 per
361 1761 507 1838 integram
521 1763 677 1821 solvuntur
690 1763 807 1821 viscera
821 1764 938 1840 pellem.

177 1852 227 1913 Sic
242 1854 368 1932 positum
381 1855 412 1913 in
426 1856 531 1914 clauso
545 1857 680 1932 linquunt
694 1875 702 1926 ;
727 1865 756 1914 et
770 1875 875 1914 ramea
888 1855 979 1914 costis

176 1947 342 2023 Subjiciunt
356 1947 531 2026 fragmenta,
548 1951 690 2026 thymum,
707 1947 866 2026 casiasque
881 1957 1028 2009 recentes.

174 2040 245 2100 Hoc
259 2043 383 2120 geritur,
400 2044 547 2121 Zephyris
562 2044 686 2121 primum
700 2045 920 2122 impellentibus
935 2043 1040 2115 undas,
1104 2042 1164 2101 300

175 2135 253 2193 Ante
268 2137 352 2195 novis
366 2139 492 2195 rubeant
507 2138 597 2213 qudm
610 2145 695 2215 prata
709 2138 869 2208 coloribus,
886 2137 956 2195 autb

175 2227 307 2288 Garrula
322 2231 410 2306 quam
424 2231 513 2308 tignis
528 2231 627 2289 nidum
640 2232 802 2308 suspendat
815 2230 952 2289 hirundo.

176 2319 296 2381 Interea
308 2324 420 2382 teneris
434 2325 602 2402 tepefactus
615 2326 645 2383 in
660 2326 777 2382 ossibus
792 2325 898 2382 humor

176 2416 321 2487 AEstuat3
344 2428 374 2476 et
388 2419 512 2477 visenda
526 2419 620 2477 modis
636 2420 775 2477 animalia
794 2419 887 2489 miris,

176 2510 297 2569 Trunca
312 2512 420 2589 pedum
435 2513 540 2590 primi,
556 2521 668 2571 moret
682 2512 837 2569 stridentia
851 2510 965 2591 pennis,
1107 2512 1166 2571 310

177 2603 351 2676 Miscentur,
367 2614 548 2682 tenuemque
563 2606 659 2684 magis
677 2604 773 2683 magis
794 2606 866 2663 adra
879 2611 1026 2682 carpunt:

177 2697 293 2768 Donec,
311 2708 342 2756 ut
357 2700 467 2757 aestivis
482 2701 595 2758 effusus
610 2700 737 2758 nubibus
751 2701 856 2770 imber,

177 2791 313 2870 Erupdre
330 2811 338 2862 ς
364 2805 414 2851 aut
429 2802 459 2851 ut
475 2814 567 2852 nervo
582 2795 716 2873 pulsante
731 2794 859 2871 sagittae,

177 2885 276 2944 Prima
289 2887 372 2944 leves
386 2888 487 2946 ineunt
502 2890 527 2946 si
542 2889 660 2965 quando
674 2890 781 2966 proelia
796 2886 911 2946 Parthi.

215 2979 293 3047 Quis
308 2981 381 3039 deus
395 2982 483 3053 banc,
500 2983 607 3053 Musae,
625 2983 690 3059 quis
705 2983 790 3040 nobis
805 2980 919 3040 extudit
933 2978 1052 3038 artem?
1104 2982 1165 3040 315

177 3072 261 3132 Unde
275 3094 353 3132 nova
367 3075 521 3153 ingressus
535 3077 684 3134 bominum
699 3075 883 3153 experientia
896 3073 973 3150 cepit
989 3073 1000 3130 ἓ

214 3167 323 3226 Pastor
337 3168 494 3240 Aristaeus,
510 3169 628 3247 fugiens
641 3169 756 3228 Peneia
770 3169 895 3245 Tempe,

178 3261 313 3332 Amissis,
330 3271 361 3319 ut
376 3263 463 3333 sama,
480 3264 586 3340 apibus
606 3264 768 3338 morboque
784 3263 933 3337 fameque,

178 3354 285 3412 Tristis
299 3356 337 3413 ad
352 3357 476 3416 extremi
491 3375 610 3413 sacrum
625 3363 714 3431 caput
730 3354 840 3413 adstitit
861 3354 965 3424 amnis,

177 3446 273 3506 Multa
288 3468 426 3524 querens,
443 3458 532 3524 atque
547 3447 605 3506 bdc
621 3447 728 3504 affatus
743 3466 816 3504 voce
833 3454 1005 3523 parentem:
1106 3446 1166 3505 300

182 3540 321 3613 “Mater,
339 3542 460 3620 Cyrene
476 3533 580 3611 m‘ater,
598 3560 665 3615 quae
680 3540 806 3616 gurgitis
820 3539 908 3613 hujus

180 3633 242 3693 Ima
256 3645 352 3708 tenes,
370 3637 439 3713 quid
454 3655 500 3693 me
516 3633 661 3712 praeclard
674 3635 764 3712 stirpe
787 3634 910 3691 deorum

182 3727 225 3805 (Si
239 3729 337 3800 modd,
353 3749 440 3806 quem
454 3729 603 3807 perhibes,
622 3737 706 3806 pater
720 3737 764 3786 est
778 3728 977 3805 Thymbraeus
991 3726 1114 3809 Apollo)

180 3820 310 3880 Invisum
324 3822 392 3881 satis
406 3823 535 3901 genuisti
550 3823 561 3878 ?
582 3832 633 3880 aut
648 3821 706 3898 qud
721 3822 774 3880 tibi
788 3821 882 3880 nostri

179 3913 287 3972 Pulsus
302 3935 386 3973 amor
401 3917 411 3971 ?
437 3917 507 3993 quid
521 3935 567 3974 me
582 3916 692 3974 coelum
706 3934 828 3992 sperare
845 3915 975 3991 jubebas
990 3914 1001 3972 ἲ
1107 3916 1166 3974 aab

180 4006 226 4066 En
240 4009 330 4067 etiam
345 4010 423 4067 bunc
439 4010 532 4086 ipsum
547 4011 613 4068 vitae
628 4009 761 4067 mortalis
774 4009 928 4080 honorem,
987 4072 989 4078 ,

181 4100 277 4167 Quem
292 4103 361 4160 mibi
376 4103 424 4160 vix
439 4103 557 4180 frugum
571 4111 600 4160 et
615 4102 763 4180 pecudum
777 4102 912 4160 custodia
925 4102 1021 4160 solers

181 4193 288 4253 Omnia
299 4197 425 4254 tentanti
439 4196 605 4267 sunderat,
622 4205 651 4254 te
666 4204 771 4267 matre,
788 4197 932 4272 relinquo.

182 4286 261 4353 Quin
276 4308 345 4367 age,
361 4303 391 4347 et
405 4290 471 4367 ipsa
484 4308 573 4348 manu
588 4290 691 4348 felices
705 4309 777 4348 erue
792 4290 905 4363 silrps3

181 4378 240 4439 Fer
254 4384 379 4441 stabulis
392 4384 542 4442 inimicum
557 4384 666 4461 ignem,
684 4393 774 4460 atque
788 4384 921 4443 interfice
935 4403 1050 4444 messes
1064 4403 1072 4456 ς
1108 4384 1168 4445 330

181 4471 241 4531 Ure
256 4484 333 4548 sata,
348 4485 378 4534 et
393 4477 519 4536 validam
534 4478 564 4536 in
579 4477 654 4536 vites
669 4478 771 4536 molire
785 4478 944 4555 bipennem
959 4497 967 4536 ι

181 4566 281 4627 Tanta
293 4590 368 4629 meae
383 4572 408 4629 si
421 4579 450 4630 te
464 4579 609 4652 ceperunt
622 4572 712 4631 taedia
725 4571 857 4632 laudis.”
