2692 5122
188 414 250 475 m
477 408 503 455 r.
525 389 691 456 vmcmrr
713 404 886 455 utaoms

189 547 364 626 Oppositum
377 547 528 619 interimit,
545 567 652 626 pugnas
666 546 835 622 nodumque
849 561 1034 620 moramque.

190 642 338 700 Sternitur
352 641 491 699 Arcadiae
506 642 605 717 proles
621 661 629 712 ;
653 648 826 698 sternuntur
838 637 961 696 Etrusci
974 654 983 706 ;

188 735 228 794 Et
243 755 306 806 vos,
323 756 341 793 o
354 735 456 793 Graiis
469 734 625 812 imperdita
641 752 779 811 corpora,
796 731 918 790 Teucri.
1119 732 1180 793 A„

188 830 319 907 Agmina
333 837 515 888 concurrunt
528 828 715 903 ducibusque
730 836 760 884 et
774 826 886 884 viribus
901 823 995 902 aequis
1008 842 1016 882 τ

188 922 323 980 Extremi
338 922 501 980 addensent
515 922 597 979 acies
612 941 619 990 ;
643 940 699 978 nec
713 922 802 978 turba
815 917 927 975 moveri

188 1015 266 1073 Tela
280 1035 444 1091 manusque
459 1016 537 1073 sinit.
578 1015 661 1072 Hinc
675 1013 777 1071 Pallas
790 1013 880 1070 instat
894 1021 924 1069 et
938 1019 1036 1090 urget,

188 1109 272 1167 Hinc
285 1107 391 1168 contrd
404 1109 535 1180 Lausus,
551 1128 609 1167 neo
623 1107 745 1166 multirm
759 1107 910 1183 discrepat
923 1115 1008 1177 aetas,

187 1201 314 1281 Egregii
329 1203 431 1261 formae
448 1222 456 1271 ;
480 1202 534 1260 sed
549 1202 634 1278 queis
648 1202 766 1259 sortuna
780 1198 908 1277 negarat

188 1295 222 1353 ln
237 1297 363 1374 patriam
377 1296 498 1355 reditus.
542 1296 628 1373 lpsos
642 1312 823 1354 concurrere
838 1314 944 1371 passus

186 1388 280 1447 Hand
294 1399 394 1448 tamen
408 1391 485 1448 inter
498 1409 531 1448 ae
547 1390 647 1468 magni
662 1397 805 1467 regnator
818 1387 937 1465 Olympi
950 1407 959 1458 ;

185 1482 258 1540 Mox
273 1484 339 1541 illos
354 1503 410 1541 sua
423 1484 486 1541 sata
499 1492 619 1542 manent
633 1483 746 1558 majore
761 1484 816 1539 sub
831 1482 925 1541 hoste.

225 1575 346 1634 lnteroa
359 1597 445 1634 soror
459 1577 537 1634 alma
549 1585 649 1634 monet
663 1594 842 1633 succurrere
856 1575 957 1633 Lauso

185 1669 330 1741 Turnum,
349 1671 399 1746 qui
413 1670 528 1728 volucri
543 1690 633 1728 curru
647 1668 775 1727 medium
790 1678 873 1727 secat
886 1687 1005 1747 agmen.

185 1761 225 1821 Ut
239 1763 310 1821 vidit
324 1763 422 1821 socios
438 1782 445 1820 ε
468 1763 600 1839 Tempus
615 1762 759 1820 desistere
775 1782 882 1840 pugnae
896 1782 904 1831 ;

186 1856 273 1914 Solus
287 1875 345 1933 ego
358 1856 388 1914 in
403 1856 541 1914 Pallanta
556 1856 658 1926 seror;
681 1855 736 1913 soli
751 1856 822 1913 mihi
834 1856 936 1914 Pallas

185 1947 323 2008 Debetur
337 1969 345 2019 ;
370 1970 510 2027 cuperem
525 1950 587 2028 ipse
603 1968 711 2027 parens
726 1959 876 2027 spectator
890 1951 1018 2012 adesset.

184 2042 264 2101 Haec
280 2044 320 2101 ait
334 2063 342 2112 ;
366 2052 396 2100 et
410 2044 485 2101 socii
497 2056 654 2101 cesserunt
669 2062 788 2119 aequore
800 2043 894 2118 jusso.

184 2139 235 2209 At,
252 2140 398 2198 Rutultim
412 2141 567 2211 abscessu,
580 2140 700 2216 juvenis
714 2149 785 2209 tum,
798 2140 884 2215 jussa
897 2142 1029 2218 superba

184 2230 323 2305 Miratus,
339 2242 438 2310 stupet
452 2234 481 2290 in
495 2234 610 2305 Turno,
627 2253 796 2310 corpusque
811 2235 984 2313 peringens

183 2325 313 2384 Lumina
327 2326 427 2397 volvit,
444 2326 565 2402 obitque
579 2327 657 2383 truci
671 2328 774 2403 procul
789 2328 887 2386 omnia
903 2328 967 2387 visu
980 2346 988 2398 3

183 2418 308 2476 Talibus
323 2430 352 2476 at
367 2419 453 2476 dictis
468 2420 489 2477 it
503 2429 607 2477 contra
622 2418 702 2476 dicta
715 2421 853 2496 tyranni:

182 2511 243 2567 Aut
257 2512 358 2588 spoliis
373 2531 430 2588 ego
440 2512 503 2587 jam
517 2512 609 2588 raptis
624 2513 770 2571 laudabor
783 2516 899 2591 opimis,

181 2605 242 2660 Aut
257 2604 316 2661 leto
330 2605 460 2681 insigni:
482 2606 554 2662 sorti
569 2614 654 2681 potor
668 2626 772 2682 aequus
787 2610 904 2685 utrique
921 2618 975 2669 est.

181 2696 267 2753 Tolle
283 2697 387 2755 minas.
429 2698 523 2755 Fatus
537 2699 666 2756 medium
682 2702 814 2776 procedit
829 2703 857 2760 in
872 2722 983 2781 sequor.

180 2789 321 2869 Frigidus
335 2791 504 2849 Arcadibus
518 2792 577 2849 coit
591 2792 621 2850 in
637 2795 801 2870 praecordia
815 2798 947 2874 sanguis.

219 2885 349 2945 Desiluit
363 2886 485 2946 Turnus
499 2887 607 2964 bijugis
625 2908 632 2957 ;
656 2890 747 2965 pedes
762 2902 885 2969 apparat
899 2894 942 2951 ire

181 2978 365 3039 Comminus.
409 2980 507 3057 thue
523 2983 580 3053 leo,
597 2983 721 3059 speculi
736 3005 826 3061 quum
841 2986 911 3044 vidit
925 2989 963 3044 ab
978 2986 1042 3046 alta

180 3074 265 3131 Stare
281 3075 384 3151 procul
399 3076 511 3152 campis
525 3076 713 3135 meditantem
728 3079 756 3136 in
773 3081 878 3156 proelia
898 3089 1027 3153 taurum,

178 3167 306 3224 Advolat
323 3187 329 3224 :
354 3168 433 3226 baud
448 3171 504 3226 alia
519 3178 564 3227 est
578 3169 673 3228 Turni
689 3173 834 3230 venientis
848 3174 957 3252 imago.

178 3259 271 3317 Hunc
287 3263 336 3318 ubi
351 3263 523 3339 contiguum
538 3264 712 3322 miseratore
728 3266 852 3323 credidit
867 3267 970 3340 basta),

178 3350 226 3408 lre
242 3354 320 3428 prior
334 3354 446 3425 Pallas,
463 3357 488 3412 si
503 3356 563 3430 qud
578 3358 637 3415 sors
652 3359 770 3434 adjuvet
786 3379 891 3418 ausum

177 3444 300 3504 Viribus
314 3447 476 3524 imparibus
490 3468 497 3517 ;
522 3468 722 3527 magnumque
738 3453 779 3510 ita
792 3455 829 3510 ad
844 3455 957 3512 anthera
971 3455 1070 3514 fatur:

176 3537 237 3597 Per
251 3540 341 3616 patris
355 3540 523 3616 hospitium,
541 3552 570 3600 et
584 3564 713 3616 mensas,
732 3565 807 3621 quas
821 3547 937 3607 advena
951 3547 1050 3621 adisti,
1105 3552 1166 3610 460

176 3631 222 3688 Te
238 3653 354 3709 precor,
370 3633 487 3706 Alcide,
503 3637 610 3713 coeptis
625 3639 795 3715 ingentibus
809 3640 888 3698 adsis
904 3661 912 3710 ;

177 3724 291 3783 Cernat
305 3727 447 3785 semineci
461 3729 518 3786 sibi
531 3749 577 3787 me
592 3750 700 3808 rapere
716 3752 798 3791 arma
812 3746 948 3808 cruenta,

176 3816 389 3894 Victoremque
404 3819 500 3879 serant
516 3824 671 3881 morientia
684 3826 795 3884 lumina
810 3826 913 3888 Turni.

175 3910 277 3967 Audiit
291 3911 415 3970 Alcides
425 3913 576 3988 juvenem,
594 3936 792 3996 magnumque
807 3924 861 3980 sub
877 3924 935 3982 imo

176 4001 277 4061 Corde
292 4006 397 4081 promit
412 4008 563 4082 gemitum,
581 4010 788 4089 lacrymasque
803 4017 906 4075 effudit
920 4019 1035 4079 inanes.
1104 4023 1160 4081 466

174 4095 253 4154 Tum
267 4097 394 4156 Genitor
408 4109 509 4159 natum
524 4103 611 4161 dictis
626 4107 735 4164 affatur
749 4110 871 4167 amicis:

175 4190 239 4249 Stat
253 4212 309 4251 sua
323 4193 431 4270 cuique
446 4195 509 4255 dies
528 4217 536 4267 ;
564 4199 655 4258 breve
669 4208 699 4258 ot
713 4201 908 4280 irreparabile
926 4217 1044 4287 tempus
