2692 5122
498 748 673 799 muninus
692 751 763 799 mu.
777 753 839 801 vn.
1097 762 1157 822 ω

173 885 311 945 Flectere
325 889 351 946 ai
365 905 483 964 nequeo
495 888 638 965 Superos,
653 889 827 950 Acheronta
841 894 976 953 movebo.

174 982 241 1041 Non
254 982 373 1039 debitur
387 981 499 1059 reguis,
514 995 590 1054 esto,
607 983 763 1060 prohibere
777 985 904 1057 Latinis,

173 1077 272 1152 Atque
287 1075 407 1133 immota
421 1083 519 1133 manet
533 1076 602 1134 sutis
616 1076 742 1136 Lavinia
756 1080 884 1154 conjux:

174 1169 212 1227 tt
224 1168 358 1239 trahere,
374 1176 464 1245 atque
477 1187 578 1228 mcruu
590 1172 681 1229 tentia
694 1171 764 1230 licet
778 1173 887 1232 addere
905 1174 995 1232 rabue
1008 1193 1017 1245 ;
1098 1175 1158 1236 816

174 1263 212 1319 At
227 1263 297 1320 licet
311 1263 466 1320 amborum
480 1265 603 1341 populor
617 1265 792 1324 exscindere
806 1286 920 1345 regum.

175 1353 245 1413 Huc
259 1374 354 1433 gener
368 1366 456 1432 atque
470 1376 559 1416 nocer
572 1360 679 1417 cudant
693 1360 832 1418 mercede
846 1380 977 1421 auorum.

176 1450 327 1526 Sanguine
340 1449 473 1526 Trojano
488 1459 517 1509 et
531 1452 645 1510 Rutulo
659 1452 811 1525 dotabere,
827 1454 912 1532 virgo
925 1473 933 1524 ς

176 1544 214 1602 Et
227 1544 354 1603 Bellona
367 1556 466 1604 manet
479 1558 509 1604 te
524 1549 667 1624 pronuba.
710 1548 739 1606 N
741 1567 777 1606 ec
791 1549 857 1607 lace
871 1548 985 1608 tantdm

175 1635 291 1697 Circeia
304 1659 464 1717 praegnans
479 1641 563 1717 ignee
577 1641 665 1699 enixu
681 1642 802 1719 jugales
815 1662 823 1711 3
1099 1643 1160 1702 880

176 1728 257 1797 Quin
271 1731 349 1790 idem
361 1733 476 1791 Veneri
490 1743 592 1811 partun
606 1754 688 1804 eune,
702 1744 733 1792 et
746 1735 834 1794 Parin
848 1737 934 1808 alter,

175 1823 375 1901 Funeatoeque
391 1827 497 1884 iterum
509 1827 642 1886 recidive
655 1828 685 1885 in
698 1828 848 1906 Pergama
866 1830 962 1888 trade.

214 1919 292 1978 Haec
307 1920 357 1978 ubi
369 1920 450 1978 dicta
464 1921 554 1992 dedit,
570 1929 667 1979 terrae
681 1922 830 1980 horrenda
842 1923 953 2000 petivit.

175 2011 354 2070 Luctificam
366 2013 486 2072 Allecto
500 2013 630 2071 dirarum
644 2016 681 2072 ab
700 2015 772 2073 aede
786 2033 921 2074 aurorum

175 2102 363 2181 Infernieque
377 2107 435 2164 ciet
448 2107 580 2165 tenebris
594 2126 602 2177 3
626 2108 676 2166 cui
688 2108 785 2166 tristia
798 2109 887 2181 belle,
1099 2108 1161 2169 886
1278 2107 1285 2132 ’

177 2196 305 2274 lneque,
320 2199 504 2276 ineidiurque,
520 2209 550 2258 et
560 2201 686 2259 crimina
699 2202 788 2259 noxie
800 2202 894 2261 cordi.

177 2291 244 2350 Odit
258 2301 288 2350 et
303 2292 366 2369 ipse
381 2303 465 2370 pater
478 2293 597 2364 Pluton,
612 2293 703 2352 oddre
717 2313 838 2352 eororee

176 2385 331 2444 Tartaron
345 2395 526 2444 monstrum:
548 2396 592 2444 tot
605 2404 673 2444 aeae
687 2387 775 2444 vertit
788 2387 818 2443 in
832 2406 897 2458 ora,

177 2478 252 2537 Tem
265 2497 354 2537 eaevae
367 2479 472 2550 facies,
487 2487 530 2537 tot
544 2480 669 2556 pullulet
682 2487 749 2537 ntra
761 2480 902 2539 colubria.

176 2570 275 2644 Quam
288 2573 369 2631 June
383 2573 428 2631 hie
441 2573 521 2632 acuit
536 2574 645 2643 verbio,
662 2591 698 2631 uc
711 2574 784 2630 talia
797 2573 897 2631 satur:
1102 2572 1163 2632 880

178 2665 268 2724 Hunc
282 2667 352 2724 milri
366 2667 405 2724 da
419 2667 579 2744 proprium,
596 2667 681 2744 virgo
695 2678 761 2724 eata
775 2667 884 2736 Nocte,
898 2667 1040 2738 laborem,

177 2758 267 2817 Hanc
281 2778 402 2836 operam
417 2779 425 2828 ;
449 2779 486 2818 ne
500 2770 602 2819 noster
615 2760 709 2818 honos
724 2760 887 2819 infractave
901 2759 990 2820 cedat

177 2851 271 2910 Fama
285 2853 351 2910 loco
366 2872 374 2921 ;
397 2872 455 2911 neu
470 2853 625 2912 connubiis
639 2853 751 2911 ambire
765 2853 906 2912 Latinum

177 2944 326 3003 AEneadae
341 2946 463 3022 possint,
480 2946 610 3004 Italosve
624 2945 761 3003 obsidere
777 2947 859 3004 fines.

177 3038 223 3098 Tu
238 3049 324 3117 potes
338 3042 492 3099 unanimos
506 3060 623 3099 armare
637 3042 667 3098 in
686 3042 792 3118 proelie
804 3041 923 3114 fratrea,
1103 3041 1163 3100 886

178 3133 276 3210 Atque
290 3134 365 3191 odiie
379 3153 500 3191 vereare
514 3133 637 3204 dom0e3
661 3144 692 3191 tu
708 3137 834 3193 verbere
846 3135 935 3193 tectio

179 3221 392 3302 Funereaeque
406 3226 516 3284 inferre
531 3227 613 3284 facea
627 3246 635 3295 ;
658 3227 711 3284 tibi
725 3227 844 3284 nomina
857 3227 947 3298 mille,

179 3317 261 3377 Mille
276 3318 401 3376 nocendi
416 3328 506 3377 artes.
549 3318 736 3377 Foecundum
749 3328 877 3377 concute
892 3326 1008 3394 pectus,

72 3437 81 3448 ·
179 3409 293 3487 Diajice
306 3413 499 3488 compositam
513 3430 628 3488 pacem,
645 3430 712 3468 ecre
727 3411 852 3469 crimina
866 3410 936 3467 belli
951 3429 958 3479 3

179 3504 274 3563 Arma
288 3505 368 3575 velit,
386 3514 548 3581 poscatque
562 3504 659 3572 simul,
676 3503 832 3579 rapiatque
849 3504 1000 3579 juventur.
1105 3503 1166 3562 ³⁴0

218 3597 296 3654 Exin
311 3598 482 3673 Gorgoneis
495 3597 614 3653 Allecto
628 3596 738 3653 insecta
752 3596 875 3652 venenis

181 3688 329 3767 Principio
343 3690 463 3748 Latium
476 3698 505 3746 et
519 3689 681 3746 Laurentis
694 3697 775 3745 tecta
787 3688 906 3764 tyranni

183 3780 274 3841 Celsa
289 3784 371 3859 petit,
387 3782 569 3858 tacitumque
584 3781 699 3839 obsedit
714 3782 803 3839 limen
816 3785 952 3840 Amatur:

182 3874 280 3943 Quam
295 3896 384 3952 super
400 3876 526 3933 adventu
540 3873 703 3946 Teucriam,
718 3875 873 3953 Turnique
889 3875 1062 3952 hymenaeie,

180 3967 344 4028 Foemineae
358 3968 512 4027 ardentem
526 3988 667 4044 curaeque
681 3968 792 4044 iraeque
807 3971 986 4046 coquebant.
1106 3968 1166 4028 846

182 4060 264 4119 Huic
278 4062 335 4119 dea
348 4063 485 4120 caeruleis
499 4081 589 4120 unum
603 4062 639 4120 de
654 4062 787 4121 crinibus
800 4082 928 4140 unguem

184 4152 322 4230 Conjicit,
339 4155 427 4232 inque
441 4156 537 4213 einum
553 4155 717 4232 praecordia
731 4155 769 4212 ad
783 4155 885 4214 intima
898 4156 996 4215 subdit
1011 4176 1019 4227 ;

183 4246 251 4315 Quo
266 4249 425 4307 furibunde
438 4250 554 4307 domum
569 4258 700 4307 monstro
714 4250 893 4326 permiscent
906 4269 1032 4311 omnem.

184 4339 247 4412 ille,
264 4343 342 4399 inter
355 4350 453 4400 veatea
467 4351 497 4400 et
510 4343 589 4400 levia
602 4353 725 4419 pectora
738 4343 850 4420 lupaue,

183 4433 320 4493 Volvitur
334 4444 446 4494 attactu
467 4436 557 4505 nullo,
573 4436 705 4512 fallitque
720 4436 877 4508 furentem,
1106 4435 1167 4496 860

182 4526 343 4607 vipereum
358 4528 505 4606 inspirans
518 4531 668 4600 animam
692 4529 724 4587 lit
736 4530 835 4588 tortile
852 4528 929 4587 collo
