2692 5122
175 398 233 456 ω
460 391 486 438 r.
507 389 672 436 vmcrcu
686 357 867 438 ‘minorue

174 530 296 590 Ludere
310 529 473 608 pendentes
487 548 606 606 pueros,
621 537 651 585 et
665 484 797 587 lambet-ll
809 536 936 586 matrem
1014 568 1070 633 ,ὦ
1090 526 1114 561 ν’

177 626 344 704 Impavidos
358 645 365 694 ;
390 626 471 682 illam
484 625 571 682 tereti
585 625 704 682 cervice
717 625 859 682 reflexam

176 719 313 777 Mulcere
329 719 469 789 alternos,
485 727 515 776 et
529 737 657 795 corpora
670 718 784 795 fingere
799 715 913 795 lingula.

176 812 243 871 Nec
258 813 361 889 procul
375 812 444 869 hinc
458 812 596 881 Romam,
613 818 643 867 et
657 818 757 887 raptas
772 810 835 867 sine
849 827 932 867 more
946 809 1074 869 Sabinas
1100 809 1162 870 688

177 904 332 965 Consessu
345 924 458 975 cavete,
475 905 590 982 magnis
605 904 801 963 Circensibus
816 903 901 973 actis,

175 999 340 1057 Addiderat
352 1018 359 1068 ;
384 998 543 1073 subitdque
557 1017 666 1056 novum
680 1015 864 1074 consurgere
878 995 989 1055 bellum

176 1092 353 1164 Romulidis,
369 1093 517 1167 Tatioque
533 1091 608 1161 seni,
625 1090 815 1165 Curibusque
830 1088 953 1148 severis.

176 1184 248 1243 Pbst
263 1184 351 1255 idem,
369 1185 446 1242 inter
459 1203 492 1242 se
507 1184 603 1261 posito
617 1183 789 1253 certamine,
807 1200 896 1259 reges

176 1278 293 1336 Arrunti
306 1278 392 1336 Jovis
408 1286 474 1335 ante
490 1296 583 1347 mam,
601 1286 779 1354 paterasque
793 1284 940 1348 tenentes,

177 1371 311 1441 Stabant,
328 1379 357 1428 et
372 1369 453 1428 caesai
463 1371 630 1448 jungebant
644 1370 759 1428 foedera
774 1367 875 1445 porci.

176 1462 269 1520 Haud
284 1465 386 1540 procul
400 1464 479 1534 inde,
496 1463 563 1520 citae
577 1462 693 1520 Metum
706 1463 736 1520 in
750 1461 869 1518 diversa
883 1459 1036 1540 quadrigar

176 1555 373 1627 Distulerant,
392 1557 434 1632 (at
448 1565 479 1613 tu
494 1557 592 1626 dictis,
608 1558 736 1625 Albane,
753 1573 891 1613 maneres
904 1555 927 1633 l)

176 1648 387 1726 Ruptabetque
402 1650 456 1707 viri
470 1649 622 1707 mendacis
637 1650 754 1706 viscera
767 1650 874 1706 Tullus

176 1741 237 1800 Per
250 1742 363 1812 silvam,
380 1752 409 1799 et
424 1743 519 1818 sparsi
533 1744 675 1800 rorabant
690 1743 835 1818 sanguino
852 1759 966 1818 vepres.

177 1835 244 1894 Nec
258 1856 315 1894 non
329 1837 526 1912 Tarquinium
540 1837 668 1912 ejectum
682 1837 816 1894 Porsena
824 1837 950 1912 jubebat

177 1927 337 2006 Accipere,
354 1931 526 2008 ingentique
541 1932 644 1987 urbem
660 1929 812 1987 obsidione
827 1931 999 2006 premebat3

176 2022 326 2081 AEneadae
341 2023 370 2080 in
384 2023 494 2081 serrum
509 2043 562 2100 pro
575 2023 712 2080 libertate
727 2024 863 2081 ruebant.

176 2115 264 2174 Illum
278 2116 441 2193 indignanti
456 2116 591 2187 similem,
608 2116 792 2191 similemque
806 2115 929 2173 minanti

176 2209 368 2286 Adspiceres,
385 2218 504 2286 pontem
519 2209 642 2266 auderet
657 2209 734 2284 qudd
749 2209 860 2266 vellere
875 2207 997 2279 Cocles,

176 2301 217 2359 Et
230 2302 351 2360 fluvium
366 2303 470 2360 vinclis
484 2303 601 2360 innaret
615 2301 726 2360 Cloelia
738 2302 842 2378 ruptis.

177 2393 213 2450 In
227 2414 340 2451 summo
354 2403 454 2451 custos
467 2396 606 2471 Tarpeia
621 2395 753 2452 Manlius
767 2395 845 2452 arcis

178 2487 279 2544 Stabat
294 2508 346 2563 pro
359 2488 480 2564 templo,
496 2498 525 2546 et
540 2488 691 2564 Capitolia
706 2489 789 2545 celsa
802 2489 933 2559 tenebat,

180 2577 400 2656 [Romuleoque
414 2600 521 2637 recens
536 2581 675 2639 horrebat
690 2582 774 2657 regia
788 2580 911 2658 culmo]

176 2668 277 2746 Atque
293 2671 341 2728 blc
356 2674 467 2730 auratis
482 2674 609 2729 volitans
623 2682 785 2751 argenteus
800 2693 890 2731 anser

176 2762 355 2835 Porticibus,
372 2765 475 2822 Gallos
490 2766 518 2822 in
534 2766 633 2822 limine
649 2767 765 2837 adesse,
782 2768 929 2833 canebat3

176 2855 257 2914 Galli
272 2877 324 2934 per
338 2858 442 2916 dumos
457 2859 591 2928 aderant,
608 2879 768 2936 arcemque
782 2862 934 2931 tenebant,

176 2951 302 3010 Defensi
316 2954 448 3011 tenebris
461 2963 490 3010 et
503 2953 580 3011 dono
593 2957 689 3012 noctis
703 2975 814 3028 opacoe.

176 3046 279 3103 Aurea
294 3047 434 3104 caesaries
448 3048 524 3118 ollis,
541 3057 630 3123 atque
646 3067 736 3106 aurea
753 3048 864 3117 vestis;

176 3138 310 3217 Virgatis
325 3141 424 3199 lucent
439 3142 570 3218 sagulis3
595 3151 656 3200 tum
672 3143 769 3200 lactea
788 3143 865 3199 colla

175 3233 259 3289 Auro
275 3233 463 3291 innectuntur
477 3253 484 3302 ;
511 3234 569 3292 duo
584 3236 711 3311 quisque
725 3237 835 3312 Alpina
847 3243 1008 3294 coruscant

176 3323 269 3382 Gaesa
284 3345 382 3396 manu,
398 3327 490 3383 scutis
505 3328 630 3402 protecti
645 3348 771 3405 corpora
786 3329 892 3406 longis.
1098 3318 1102 3325 ¹

177 3415 240 3474 Hic
254 3419 436 3475 exsultantes
452 3418 558 3488 Salios,
575 3420 728 3496 nudosque
743 3421 910 3498 Lupercos,

176 3509 404 3587 Lanigerosque
420 3510 530 3585 apices,
547 3512 674 3589 etlapsa
689 3516 799 3572 ancilia
813 3516 892 3572 coelo

176 3604 343 3663 Extuderat
359 3623 365 3659 ε
389 3613 480 3662 castre
494 3604 643 3665 ducebant
658 3628 746 3665 sacre
761 3629 812 3685 per
825 3611 929 3667 urbem

177 3697 300 3755 Pilentis
314 3706 423 3755 matres
438 3698 466 3755 in
481 3700 625 3759 mollibus.
668 3702 750 3759 Hinc
766 3703 868 3779 procul
883 3701 963 3761 addit

176 3789 340 3847 Tartareas
355 3791 444 3848 etiam
459 3792 556 3864 sedes,
574 3795 634 3851 alta
648 3796 723 3852 ostia
737 3796 817 3854 Ditis
833 3816 841 3864 ;

176 3882 215 3940 Et
231 3883 378 3940 scelerum
393 3904 506 3960 poenas,
523 3897 552 3943 et
566 3896 606 3958 te,
624 3888 767 3960 Catilina,
783 3889 891 3948 minaci

176 3976 357 4035 Pendentem
373 3980 505 4055 scopulo,
520 3980 738 4059 Furiarumque
754 4002 807 4041 ora
819 3992 995 4043 trementem
1008 4004 1017 4053 ;

177 4071 375 4146 Secretosque
392 4072 465 4148 pios,
482 4074 527 4130 his
542 4075 660 4133 dantem
671 4077 740 4151 jura
755 4076 912 4137 Catonem.

177 4162 255 4221 Haec
268 4163 344 4221 iuter
357 4166 459 4224 tumidi
474 4167 532 4226 late
547 4169 638 4227 maris
652 4169 713 4227 ibat
728 4169 825 4248 imago
