2692 5122
177 381 237 443 m
466 377 491 423 r.
508 377 676 425 vrsornn
697 354 870 426 sinonis

178 517 297 576 Nomen
311 515 340 575 in
354 524 434 575 estre
448 517 554 577 serent.
595 515 690 575 Hunc
703 516 784 579 illum
798 534 923 594 poscere
937 515 1001 577 sete

178 610 220 668 Et
233 629 311 682 reor,
328 617 368 679 et.
384 610 410 669 si
425 610 494 686 quid
508 610 572 668 veri
585 628 669 668 mene
683 618 822 687 auguret,
837 618 916 687 opto.

219 702 298 761 Haec
312 703 430 775 effetus,
446 722 542 779 equos
554 721 678 761 numero
692 710 779 778 peter
791 702 874 780 eligit
888 703 988 765 omni:

180 797 303 857 Stabunt
316 805 496 856 tercentum
510 796 594 854 nitidi
608 795 638 853 in
651 795 833 874 praesepibus
847 796 922 857 eltis.

179 890 325 949 Omnibus
338 890 484 967 extemplo
497 889 627 948 Teucris
641 889 728 964 jubet
741 889 844 949 ordine
857 889 928 949 duci

179 984 326 1043 Instratos
339 994 421 1042 ostro
435 983 566 1061 elipedee
581 983 727 1061 pictisque
741 983 858 1060 tepetis.

179 1080 282 1135 Aureo
295 1076 466 1155 pectoribus
480 1077 609 1135 demisse
621 1077 742 1135 monilia
756 1077 905 1154 pendent:

179 1170 267 1230 Tecti
282 1191 365 1242 euro,
382 1171 494 1229 fulvum
508 1170 648 1229 meudunt
663 1169 872 1246 subdentibus
887 1188 1004 1231 eurum

179 1264 306 1323 Absenti
318 1266 430 1324 AEneae
444 1284 564 1323 currum
578 1263 772 1341 geminosque
787 1264 919 1341 jugules,

180 1359 298 1417 Semine
313 1361 350 1416 ob
366 1359 498 1429 ertberio,
515 1359 664 1436 spirantes
677 1356 800 1415 nuribus
813 1357 923 1436 ignem,

181 1451 303 1515 Illorum
316 1453 353 1510 de
367 1462 468 1530 gente,
484 1452 561 1529 patri
576 1471 650 1528 quos
664 1450 781 1508 daednlo
794 1450 888 1510 Circe

179 1545 339 1622 Suppositd
352 1546 389 1603 de
404 1555 498 1602 matre
513 1544 619 1603 nothos
632 1544 731 1602 lurotu
744 1545 867 1604 creavit.

178 1637 305 1696 Talibus
318 1639 469 1698 AEneedae
483 1637 568 1695 donis
582 1637 727 1712 dictisque
748 1638 848 1696 Latini

180 1732 327 1793 Sublimee
341 1732 371 1789 in
385 1732 470 1808 equis
483 1732 619 1803 redeunt,
636 1750 801 1808 pacemque
814 1737 976 1808 reportant.

217 1825 301 1884 Ecce
317 1835 417 1884 eutem
431 1825 562 1883 Inachiis
575 1843 642 1883 sese
660 1825 808 1883 rescrebat
822 1826 860 1884 eb
874 1825 966 1903 Argis

179 1920 365 1995 Saeve-Jovis
379 1919 498 1995 conjnx,
513 1938 662 1996 nurusque
676 1919 795 1977 invecto
807 1921 929 1977 tenebet
942 1937 951 1989 3

179 2012 219 2071 Et
233 2014 333 2071 laetum
346 2013 471 2071 AEneen
485 2013 673 2087 classemque
687 2031 725 2069 ex
739 2012 850 2070 retbere
864 2011 955 2089 longo

178 2106 363 2164 Dardanium
378 2106 479 2164 Siculo
494 2105 642 2182 prospexit
656 2106 694 2162 ob
709 2124 804 2180 usque
817 2104 972 2182 Pecbyno.

178 2198 279 2259 Moliri
296 2199 358 2275 jem
372 2205 454 2256 tecto
468 2198 557 2270 ridet,
570 2198 632 2273 jem
647 2199 738 2257 fidere
756 2207 856 2270 terre,

178 2292 359 2351 Deseruisse
373 2303 463 2351 retes.
506 2293 592 2350 Stetit
607 2292 669 2350 ocri
684 2292 744 2349 fixo
758 2291 869 2351 dolore.

178 2385 267 2456 Tum,
284 2405 431 2462 quessens
445 2395 544 2462 ceput,
562 2387 627 2444 baec
641 2385 765 2444 effundit
778 2393 900 2462 pectore
914 2384 1016 2444 dicte:

178 2477 251 2536 Heu
265 2479 386 2555 stirpem
400 2479 525 2537 invium
539 2482 545 2536 !
568 2490 597 2537 et
611 2479 680 2538 fotis
694 2479 844 2538 contrusis
857 2479 966 2538 nostrie

177 2571 255 2629 Fnte
269 2572 442 2649 Phrygum!
464 2592 534 2630 num
549 2573 646 2650 Sigeis
660 2574 838 2631 occumbere
859 2573 983 2650 campie,

177 2665 207 2724 N
210 2685 258 2723 um
272 2666 352 2742 cepti
366 2664 489 2742 potuere
504 2666 596 2743 copi?
618 2686 687 2724 num
702 2666 826 2725 incenso
843 2666 987 2724 cremavit

177 2758 270 2834 Troju
284 2759 363 2816 viros
377 2760 388 2814 ?
408 2758 521 2817 medies
536 2760 618 2818 ecies
631 2761 803 2837 mediosque
817 2779 870 2838 per
883 2761 968 2837 ignes

178 2849 325 2912 luvendre
339 2853 427 2911 viem.
469 2854 520 2924 At,
538 2854 638 2925 credo,
653 2873 721 2912 men
734 2854 855 2912 numine
867 2852 989 2912 leudem

177 2944 274 3003 Fessa
290 2946 404 3022 jacent,
420 2946 495 3005 odiis
510 2956 561 3005 eut
574 2955 746 3006 exsuturute
760 2946 869 3023 quievi.

178 3038 259 3106 Quin
274 3041 363 3100 etiam
378 3039 476 3119 petrici
489 3060 633 3100 excussos
647 3042 754 3100 infeste
769 3060 823 3118 per·
836 3039 932 3099 undes

176 3133 264 3192 Auso
277 3136 373 3211 sequi,
390 3144 420 3193 et
434 3136 567 3213 profugis
581 3144 643 3194 toto
658 3155 704 3193 me
718 3153 869 3212 opponere
883 3145 982 3212 ponto.
1101 3135 1162 3193 300

177 3228 350 3305 Absumptae
364 3229 394 3286 in
408 3229 544 3287 Teucros
559 3231 638 3288 vires
652 3230 782 3305 coelique
796 3229 957 3305 morisque.

178 3320 260 3386 Quid
275 3323 387 3397 Syrtes,
405 3331 455 3379 out
470 3323 571 3399 Scylla
584 3323 664 3395 mibi,
682 3323 751 3400 quid
766 3331 851 3381 veste
865 3321 1039 3400 charybdis

175 3412 290 3471 Profuit
305 3413 315 3468 l
336 3423 436 3491 opleto
451 3415 617 3474 conduntur
630 3417 772 3493 Tybridis
786 3417 883 3488 alveo,

177 3506 282 3565 Securi
296 3507 405 3584 pelugi,
423 3516 513 3585 etque
527 3510 594 3568 mei.
636 3509 721 3568 Mers
735 3510 861 3587 perdere
874 3517 995 3587 gentem

176 3599 339 3659 Immunem
352 3599 510 3678 Lepitbinn
524 3603 634 3661 valuit:
656 3605 805 3663 concessit
819 3604 849 3662 in
864 3604 926 3662 ires
1102 3601 1162 3663 eod

175 3692 245 3770 Ipse
260 3690 347 3751 desim
361 3695 514 3770 antiquam
527 3697 645 3773 genitor
658 3696 814 3774 Calydone
827 3697 946 3757 Dienae.

176 3785 265 3853 Quod
280 3789 379 3847 scelus
390 3799 440 3846 eut
452 3789 598 3867 Lapithae
608 3799 733 3862 tuntum,
746 3799 797 3850 eut
811 3791 970 3868 Calydona
979 3785 1160 3850 merentem?

175 3879 232 3938 Ast
247 3900 314 3959 ego,
330 3901 439 3960 mogus
451 3884 537 3943 Jovis
551 3886 669 3961 conjux,
686 3886 726 3945 nil
741 3886 877 3962 linquere
891 3885 1031 3944 inausum

175 3972 253 4040 Quae
268 3976 348 4051 potui
362 3975 472 4048 infelix,
489 3998 557 4054 qnae
570 3987 678 4037 memet
692 3979 720 4038 in
735 3981 834 4039 omnio
848 3979 934 4051 verti,

174 4066 288 4131 Vincor
302 4070 339 4127 eb
353 4069 467 4131 AEneb.
510 4072 601 4138 Quod
615 4073 641 4131 si
654 4093 721 4134 mee
734 4075 855 4137 numine
866 4094 926 4134 non
939 4082 1010 4133 sunt
1103 4073 1162 4132 810

174 4160 290 4240 Magna
313 4163 397 4236 sotis,
412 4165 545 4227 dubitem
568 4167 647 4227 bend
670 4168 808 4245 equidem
829 4170 990 4247 implorare
1013 4167 1094 4247 quod
1114 4185 1162 4227 ns·

254 4277 343 4336 quem
356 4266 411 4319 eet.
