2692 5122
496 722 671 793 msarn'os
689 744 819 792 ura-va

173 884 201 943 Ν
203 902 230 954 e,
244 881 340 960 pueri,
357 901 395 940 ne
408 889 490 941 unte
504 882 610 941 animis
621 884 788 964 asmancite
801 882 881 942 bella
893 901 902 954 ;

174 978 239 1036 Neu
255 976 359 1054 patrie
373 975 486 1033 validas
499 975 529 1034 ia
543 976 661 1034 viscera
674 978 779 1035 vertite
794 977 881 1035 vires.

173 1070 279 1146 Tuque
294 1070 387 1148 prior,
400 1079 431 1128 tu
446 1088 546 1146 parce,
562 1088 660 1146 genus
672 1071 721 1146 qui
735 1071 820 1129 ducis
833 1071 983 1149 Olympo;

173 1161 289 1238 Projice
304 1163 364 1220 tela
378 1182 476 1233 manu,
491 1163 615 1240 sanguis
627 1183 720 1222 meus.
1093 1162 1152 1222 Ν

174 1255 225 1313 llle
240 1255 421 1333 triumphati
435 1255 584 1332 Capitolia
598 1256 636 1315 ad
650 1258 710 1315 ulta
724 1256 869 1316 Corintho

175 1347 278 1406 Victor
292 1357 361 1425 aget
376 1368 505 1420 currum,
522 1349 608 1408 ooeaia
621 1350 746 1427 insignis
759 1351 891 1409 Achivis.

174 1440 266 1498 Eruet
282 1441 331 1498 ille
346 1443 456 1518 Argos,
472 1444 783 1519 Agamemnoniasque
795 1443 954 1520 Mycenas,

175 1533 334 1611 Ipsumque
348 1534 510 1605 AEaeiden,
527 1555 622 1612 genus
636 1537 839 1613 armipotentia
852 1537 962 1596 Achilli
974 1555 983 1607 ς

174 1625 257 1687 Ultus
272 1647 345 1685 avos
358 1628 469 1703 Trojm,
485 1629 595 1706 templa
608 1639 637 1686 et
650 1639 797 1688 temerata
809 1630 966 1689 Minurus.
1093 1630 1154 1688 840

175 1720 303 1791 Quiete,
320 1740 427 1799 magne
442 1721 531 1792 Cato,
547 1723 679 1793 tacitum,
695 1734 746 1781 sut
760 1733 800 1795 te,
815 1723 923 1795 Cosse,
939 1722 1115 1800 relinquat?

175 1813 249 1880 Quis
263 1812 397 1872 Gracchi
411 1833 508 1891 genus
523 1815 533 1871 l
575 1824 625 1874 aut
638 1817 783 1893 geminos,
799 1817 858 1875 duo
873 1817 995 1875 fulmina
1008 1815 1088 1888 batti,

175 1908 338 1985 Scipiadas,
354 1909 469 1967 cladem
483 1909 613 1986 Libyae?
634 1929 784 1987 parvoque
799 1920 950 1989 potentem

175 2001 367 2060 Fabricium?
389 2003 435 2060 vel
449 2011 478 2060 te
492 2003 586 2074 sulco,
604 2004 742 2073 Serrana,
759 2004 933 2064 serentem?

176 2094 241 2164 Qut
256 2096 368 2153 sessum
384 2096 494 2171 rapitis,
509 2096 596 2155 Fabii
611 2097 621 2152 l
661 2098 710 2155 Tu
723 2097 873 2156 Maximus
887 2098 936 2156 ille
949 2117 996 2171 es,
1095 2095 1155 2156 84⁵

175 2187 257 2246 Unus
271 2189 321 2264 qui
336 2188 420 2245 nobis
433 2189 600 2247 cunctando
615 2191 746 2248 restituis
765 2209 837 2250 rem.

175 2279 331 2338 Excudent
344 2281 394 2338 alii
407 2282 550 2357 spirantia
563 2283 678 2341 mollitis
693 2302 764 2355 iera,

177 2373 276 2431 Credo
290 2374 426 2450 equidem
441 2394 449 2442 ;
474 2376 557 2432 vivos
571 2376 679 2434 ducent
693 2378 730 2434 de
744 2396 890 2435 marmore
904 2377 1024 2449 vultum

176 2466 309 2524 Orabunt
323 2486 432 2524 causas
446 2466 561 2538 melius,
578 2470 706 2544 caelique
721 2479 836 2528 meatus

176 2558 353 2619 Describent
368 2561 461 2630 radio,
478 2569 507 2618 et
521 2563 675 2639 surgentia
688 2563 786 2620 sidera
799 2563 907 2622 dicent.
1098 2565 1156 2623 860

177 2651 221 2712 Tu
236 2673 343 2731 regere
358 2654 480 2730 imperio
495 2656 628 2732 populos,
645 2655 792 2727 Romane,
808 2665 976 2726 mement03

176 2746 233 2805 Hie
247 2748 301 2805 tibi
315 2757 401 2806 erunt
416 2757 506 2819 artes,
524 2749 665 2825 pacisque
679 2750 830 2827 imponere
845 2769 967 2823 morem,

175 2839 304 2899 Parcere
318 2841 470 2916 subjectis,
485 2850 515 2899 et
530 2841 680 2901 debellare
695 2844 849 2920 superbos.

213 2935 262 2992 Sic
277 2942 362 3011 pater
374 2936 532 3006 Anchises,
550 2943 638 3012 atque
652 2937 716 2995 haee
730 2938 905 2996 mirantibus
919 2934 1019 2997 addit:

177 3027 315 3104 Adspice,
332 3037 362 3085 ut
377 3029 499 3105 insignis
513 3029 613 3105 spoliis
626 3029 790 3088 Marcellus
804 3033 908 3109 opimio
1097 3031 1156 3090 855

178 3119 355 3198 ingreditur,
372 3122 523 3197 victorque
538 3123 615 3181 viros
629 3126 827 3200 supereminet
846 3129 968 3184 omues!

178 3212 236 3271 Hic
250 3234 314 3271 rem
328 3214 505 3286 Romanam,
523 3235 629 3294 magno
643 3219 781 3276 turbante
796 3219 932 3290 tumultu,

179 3306 275 3376 Sistet,
291 3326 384 3383 eques
398 3316 510 3366 sternet
523 3308 645 3380 Poenos,
660 3310 839 3385 Gallumque
854 3311 1006 3383 rebellem,

177 3398 338 3475 Tertiaque
354 3419 435 3457 arma
450 3403 526 3478 patri
542 3395 702 3479 suspendet
717 3414 806 3481 capta
820 3405 957 3470 Quirino.

178 3493 274 3568 Atque
289 3493 338 3550 hic
354 3494 479 3564 AEnees,
495 3493 555 3552 und
568 3514 695 3571 namqoe
710 3497 753 3553 ire
768 3496 886 3554 videbat
1100 3496 1161 3556 860

178 3583 341 3662 Egregium
354 3585 448 3644 sormi
464 3588 606 3662 juvenem
620 3597 648 3645 et
663 3589 844 3666 fulgentibus
858 3589 957 3662 armis,

179 3677 235 3734 Sed
250 3678 331 3736 frons
345 3680 412 3737 lata
427 3699 542 3756 parum,
559 3689 587 3737 et
602 3681 718 3756 dejecto
732 3681 843 3740 lumina
857 3684 959 3741 vultu:

108 3830 115 3847 ‚
181 3769 264 3841 Quis,
282 3782 374 3849 pater,
390 3773 449 3844 ille,
467 3774 561 3830 virum
576 3776 626 3850 qui
639 3775 682 3833 sic
697 3776 854 3834 comitatur
867 3785 986 3834 euntem
1002 3775 1014 3834 i

179 3861 297 3921 Filius?
319 3884 395 3922 anne
410 3867 516 3942 aliquis
529 3866 639 3945 magud
653 3868 688 3925 de
703 3869 794 3945 stirpe
809 3869 971 3946 nepotum?

181 3954 239 4023 Qui
250 3959 390 4035 strepitus
399 3960 480 4017 circa
492 3961 643 4019 comitum!
661 3970 800 4037 quantum
810 3963 903 4020 instar
913 3964 942 4020 in
954 3963 1084 4040 ipsoest!
1099 3965 1157 4021 865

181 4049 237 4107 Sed
247 4051 275 4108 N
278 4070 315 4108 ox
325 4062 389 4109 atra
405 4064 495 4130 caput
508 4055 584 4112 tristi
598 4055 792 4112 circumvolat
807 4054 920 4115 umbra.

179 4141 255 4201 Tum
269 4155 354 4221 pater
367 4145 527 4218 Anchises,
543 4149 682 4225 lacrymis
696 4150 849 4226 ingressus
862 4150 992 4210 obortis:

180 4236 299 4308 Onate,
316 4239 465 4316 ingentem
479 4242 589 4299 luctum
604 4261 640 4298 ue
656 4261 756 4316 quaere
770 4251 887 4301 tuorum
902 4263 910 4313 ;

181 4329 344 4388 Ostendent
357 4333 445 4390 terris
459 4334 538 4392 hunc
552 4335 663 4392 tantiam
678 4335 747 4406 sate,
763 4354 860 4413 neque
875 4335 952 4396 ultrd

180 4421 256 4481 Esse
270 4425 377 4483 sinent.
420 4426 549 4484 Nimium
565 4428 648 4485 vobis
661 4427 798 4487 Βοιιιιιιιιι
810 4449 942 4509 propago
1100 4433 1158 4492 eto

127 4516 131 4529 '
180 4513 256 4576 Visa
270 4527 386 4596 potens,
402 4521 519 4598 Superi,
536 4522 652 4599 propria
666 4522 732 4580 haec
745 4523 771 4580 si
785 4523 861 4580 dona
874 4524 1008 4585 fuissent.

455 4616 513 4671 18⁸
885 4634 924 4673 u
