2692 5122
212 380 251 437 9⁴
504 371 531 441 r,
551 368 718 452 yraorcpr
737 364 910 417 1111101111
936 381 963 433 ·,
1007 336 1037 353 '⁶

208 501 252 571 Et
266 520 367 570 vastas
382 510 477 589 aperit
491 517 599 586 syrtes,
616 518 645 566 ct
659 516 805 585 temperat
819 528 922 585 aequor
936 528 944 578 ;

210 609 311 684 Atque
326 608 398 665 rotis
413 626 544 664 summas
559 605 674 662 levibus
689 605 852 682 perlabitur
866 605 974 661 undas.

210 703 257 761 Ac
272 702 363 759 veluti
377 720 486 778 magno
500 701 529 757 in
545 699 652 777 populo
688 718 758 756 uum
772 699 852 775 saepd
867 710 970 756 coorta
983 705 1028 755 est

211 795 334 865 Seditio,
350 794 494 870 saevitque
510 793 616 851 animis
630 719 761 869 igdobile
775 780 905 869 rulgus3
976 822 982 847 .·

208 886 338 965 Jamque
353 888 436 947 faces
450 900 479 946 et
494 906 565 945 saxa
580 887 680 944 volant
695 906 702 955 ;
727 887 809 944 furor
823 905 906 943 arma
920 885 1085 943 ministrat:
1144 885 1201 942 150

209 980 298 1052 Tum,
315 982 562 1058 pietateagravem
576 999 613 1037 ac
628 980 740 1037 meritis
754 979 779 1036 si
794 978 868 1036 forte
883 979 978 1036 virum
993 996 1081 1055 quem

210 1071 417 1151 Consperdre,
433 1075 530 1144 silent,
548 1073 733 1150 arrectisque
748 1073 870 1131 auribus
886 1073 1003 1130 adstant
1010 1090 1067 1176 ν

209 1165 271 1225 Iste
287 1167 364 1246 regit
378 1166 465 1224 dictis
480 1168 603 1237 animos,
622 1174 651 1223 et
666 1176 788 1243 pectora
801 1166 920 1224 mulcet.
967 1191 983 1235 ρ

209 1259 260 1317 Sic
275 1269 401 1317 cunctus
415 1260 514 1337 pelagi
529 1259 638 1317 cecidit
653 1260 765 1337 fragor,
782 1279 904 1335 aequora
924 1266 1081 1336 postquam

208 1351 400 1430 Prospiciens
412 1352 540 1430 genitor,
558 1353 696 1430 coeloque
715 1355 852 1411 invectus
867 1361 981 1429 aperto,
1143 1353 1199 1410 155

207 1445 317 1505 Flectit
332 1466 436 1523 equos,
453 1464 604 1523 curruque
618 1446 721 1503 volans
736 1446 786 1504 dat
801 1447 865 1504 lora
879 1445 1023 1513 secundos

247 1538 369 1597 Defessi
383 1540 546 1609 AEneadae,
564 1558 630 1615 quoe
645 1539 788 1616 proxima,
806 1538 905 1596 littora
919 1558 1009 1596 cursu

210 1631 401 1693 Contendunt
416 1641 529 1710 petere,
546 1642 575 1690 et
589 1630 695 1708 Libyas
710 1639 865 1690 vertuntur
879 1631 917 1689 ad
930 1651 1009 1689 oras.
1052 1620 1056 1629 ’

208 1725 265 1785 Est
279 1726 309 1782 in
323 1744 445 1783 secessu
460 1725 549 1803 longo
564 1725 648 1783 locus
664 1743 671 1782 :
696 1724 790 1782 insula
806 1732 922 1802 portum

208 1818 310 1878 Efficit
324 1818 443 1894 objectu
457 1819 594 1889 laterum,
612 1818 719 1894 quibus
734 1817 828 1875 omnis
843 1819 881 1875 ab
896 1818 956 1876 alto
1141 1819 1199 1876 160

201 1912 371 1990 ¹Frangitur
386 1912 475 1988 inque
489 1912 572 1970 sinus
586 1910 693 1969 scindit
708 1930 775 1968 sese
790 1910 870 1969 unda
889 1910 1012 1969 reducto

207 2002 292 2064 Hinc
306 2014 395 2081 atque
410 2006 479 2063 hinc
493 2013 586 2063 vastae
601 2024 691 2083 rupes
706 2005 875 2082 geminique
890 1929 1078 2094 1111111111ιῆ
1088 1996 1105 2015 ⁹

207 2098 244 2159 In
258 2099 367 2158 coelum
382 2099 507 2176 scopuli,
525 2118 650 2176 quorum
665 2100 721 2156 sub
735 2097 848 2156 vertice
862 2096 921 2155 latis

206 2192 349 2268 AEquora
361 2200 426 2250 tuta
440 2192 527 2249 silent
540 2208 553 2261 1
573 2204 635 2249 tum
650 2191 732 2249 silvis
747 2210 838 2249 scena
853 2190 987 2249 coruscis

206 2284 357 2363 Desuper,
374 2285 566 2360 horrentique
582 2293 678 2342 atrurn
692 2304 796 2342 nemus
811 2284 940 2341 imminet
955 2282 1070 2343 umbra.
1141 2286 1197 2344 165

206 2378 319 2437 Fronte
334 2380 389 2436 sub
404 2376 533 2436 adversis
546 2378 678 2455 scopulis
693 2377 889 2454 pendentibus
904 2386 1042 2448 antrum;

207 2469 292 2529 Intus
307 2491 394 2548 aquae
408 2471 522 2542 dulces,
538 2471 665 2547 vivoque
680 2469 786 2528 sedilia
805 2490 887 2542 saxo,

207 2563 412 2640 Nympharum
427 2565 540 2623 domus.
582 2563 645 2621 Hic
660 2563 756 2620 fessas
770 2583 828 2620 non
843 2564 964 2622 vincula
977 2583 1070 2622 naves

206 2655 275 2714 Ulla
288 2667 400 2727 tenent,
417 2677 495 2716 unco
510 2676 567 2714 non
583 2657 683 2733 alligat
699 2657 832 2714 anchora
845 2677 955 2717 morsu.

205 2748 279 2808 Huc
295 2760 407 2828 scptcm
422 2752 542 2808 AEneas
557 2749 692 2807 collectis
707 2750 833 2808 navibus
846 2696 988 2809 01„an

205 2842 255 2901 Ex
268 2863 389 2902 numero
405 2844 483 2902 subit
498 2863 506 2912 ;
530 2862 577 2914 ac,
595 2862 703 2919 magno
717 2843 832 2901 telluris
847 2862 949 2903 amore

205 2935 342 3014 Egressi,
360 2935 462 3014 optatd
477 2936 627 3013 potiuntur
639 2936 740 2994 'Probe
753 2935 858 3008 arend,

205 3030 246 3089 Et
260 3032 323 3088 sale
338 3032 475 3088 tabentes
490 3039 573 3087 artus
587 3031 615 3087 in
630 3030 729 3088 littora
744 3038 868 3108 ponunt,

205 3124 251 3181 Ac
268 3124 392 3201 primirm
407 3124 484 3182 silici
498 3124 657 3182 scintillam
671 3124 790 3181 excudit
804 3125 948 3197 Achates,

206 3218 403 3295 Suscepitque
420 3218 518 3293 ignem
532 3218 630 3288 folliis‚
647 3227 735 3294 atque
750 3218 834 3277 arida
847 3218 960 3279 circlrm
1138 3221 1194 3278 175

205 3308 234 3367 N
238 3310 395 3366 utrimenta
409 3309 499 3379 dedit,
515 3311 672 3387 rapuitque
688 3311 717 3368 in
732 3311 832 3369 fomite
847 3312 1004 3371 flammam.

205 3400 284 3459 Tum
299 3401 444 3459 Cererem
459 3412 630 3478 corruptam
644 3402 729 3460 undis
744 3403 946 3481 Cerealiaque
962 3338 1065 3463 aaz*

205 3493 374 3571 Expediunt
389 3492 460 3549 fessi
475 3513 574 3551 rerum
589 3515 596 3563 ;
621 3494 783 3575 frugesque
798 3507 936 3574 receptas

204 3587 246 3647 Et
259 3596 374 3645 torrere
389 3595 494 3662 parant
510 3586 644 3661 flammis,
660 3598 690 3647 et
705 3590 844 3669 frangere
858 3612 940 3652 saxo.

244 3680 365 3740 AEneas
379 3679 531 3755 scopulum
547 3682 663 3741 interea
677 3686 860 3757 conscendit,
877 3696 906 3744 et
919 3706 1036 3746 omnem
1138 3688 1195 3745 1110

205 3772 402 3849 Prospectum
416 3772 474 3829 late
490 3774 597 3851 pelago
617 3777 688 3851 petit
703 3796 711 3846 ;
735 3779 894 3847 Anthea,si
909 3800 998 3857 quem

204 3864 357 3925 Jactatum
371 3873 459 3922 vento
474 3866 581 3938 videat,
599 3869 806 3946 Phrygiasque
822 3873 960 3945 biremes,

205 3960 267 4019 Aut
282 3957 400 4035 Capyn,
417 3967 467 4015 aut
483 3959 571 4016 celsis
587 3961 615 4017 in
632 3964 776 4038 puppibus
797 3949 887 4023 arma¹
895 3966 994 4028 Caici.
1034 3994 1036 3998 ·

205 4052 321 4113 Navem
336 4050 365 4108 in
379 4060 541 4128 conspectu
556 4054 676 4123 nullam,
692 4064 754 4113 tres
768 4059 865 4116 littore
880 4007 1029 4121 cervorll

204 4146 353 4226 Prospicit
367 4159 503 4205 errantes
515 4166 522 4217 ;
547 4149 601 4207 hos
615 4158 677 4208 tota
692 4163 826 4212 armenta
839 4163 1005 4231 sequuntur
1137 4160 1194 4219 185

1140 2752 1196 2810 175
