2692 5122
179 377 239 437 ρᾶς
464 372 491 418 r.
511 371 676 418 visurum
696 372 869 421 masonis

180 510 321 570 Clamore
336 511 485 588 excipiunt
499 511 583 581 socii,
599 510 775 587 fremituque
789 518 955 588 sequuntur

179 603 346 662 Horrisono
363 624 371 674 ;
396 601 547 663 Teucrum
560 604 703 663 mirantur
717 605 824 662 inertis
836 604 929 663 corda
944 623 951 673 ;

179 698 248 758 Non
263 719 348 774 oequo
362 698 432 756 dare
447 717 479 755 se
494 717 609 775 campo,
625 717 683 757 non
696 697 783 756 obvia
796 697 877 756 terre

178 793 272 852 Arma
286 793 376 864 viros,
392 792 444 850 sed
459 801 560 850 castra
573 792 683 850 fovere.
725 790 799 851 Huc
810 791 947 850 turbidus
960 799 1052 869 atque
1064 792 1111 854 but

177 884 300 944 Lustrat
315 905 392 962 equo
406 904 516 956 muros,
532 883 703 960 aditumque
717 903 771 962 per
784 884 852 942 avia
866 885 982 961 quaerit.

178 977 227 1037 Ac
241 978 332 1036 veluti
346 979 433 1055 pleno
446 978 533 1054 lupus
547 975 701 1036 insidiatus
713 976 794 1047 ovili,

178 1073 279 1143 Quum
293 1074 389 1131 fremit
404 1072 441 1131 ad
454 1075 567 1143 caulas,
583 1081 687 1131 ventos
700 1090 858 1149 perpessus
876 1081 908 1131 et
922 1072 1043 1146 imbres,

178 1167 275 1227 Nocte
290 1186 381 1244 super
393 1165 513 1234 mediis3
537 1167 592 1224 tuti
606 1167 661 1223 sub
676 1165 819 1223 matribus
833 1166 902 1243 agui

177 1259 314 1318 Balatum
328 1267 488 1317 exercent:
511 1259 571 1329 ille,
588 1266 719 1336 asperet
733 1258 883 1335 improbus
896 1257 953 1330 int,

179 1352 269 1410 Saevit
283 1353 313 1409 in
327 1354 467 1410 absentes
484 1371 492 1421 ;
515 1352 641 1409 collecto
656 1351 760 1429 fatigat
773 1350 880 1409 edendi

178 1444 225 1503 Er
240 1446 329 1522 longo
342 1446 452 1515 rabies,
468 1453 498 1502 et
512 1445 602 1502 siccae
616 1445 761 1522 sauguine
776 1443 898 1502 lauces:

178 1536 271 1596 Haud
285 1539 372 1595 aliter
384 1538 498 1596 Rutulo
512 1557 612 1595 muros
626 1546 655 1595 et
669 1546 770 1595 castra
783 1537 877 1596 tuenti

179 1629 341 1708 Ignescunt
355 1631 407 1688 irae
425 1649 432 1698 ;
456 1630 538 1687 duris
551 1630 635 1687 dolor
648 1630 764 1687 ossibus
779 1631 882 1689 ardet:

180 1721 251 1790 Qua
264 1731 356 1780 tentet
371 1723 485 1780 ratione
500 1722 607 1793 aditus,
625 1730 655 1780 et
669 1742 735 1798 quae
751 1723 799 1780 via
817 1723 936 1782 clausos

178 1816 320 1874 Excutiat
333 1815 471 1873 Teucros
484 1816 572 1886 vallo,
590 1825 679 1891 atque
693 1815 825 1874 effundat
838 1816 868 1874 in
883 1835 995 1892 aequor.

179 1907 328 1977 Classem,
346 1928 412 1985 quaa
427 1908 513 1966 lateri
528 1917 693 1966 castrorum
706 1908 846 1984 adjuncta
860 1910 982 1981 latebat,

178 2002 350 2080 Aggeribus
365 2009 478 2078 septam
493 2000 604 2059 circum
618 2011 648 2059 et
662 2002 829 2060 fluvialibus
846 2001 943 2073 undis,

178 2093 294 2153 Invadit
309 2114 317 2163 ;
340 2094 497 2169 sociosque
511 2092 649 2152 incendia
661 2094 755 2172 poscit
770 2104 894 2153 ovantes
907 2114 915 2164 ;

176 2189 276 2263 Atque
292 2206 411 2244 manum
425 2187 494 2264 pinu
510 2186 647 2264 flagranti
660 2187 790 2245 fervidus
805 2188 914 2264 implet.

177 2279 255 2337 Tum
270 2279 340 2337 verb
355 2279 526 2336 incumbunt
543 2298 551 2347 ;
575 2289 661 2356 urget
676 2280 832 2357 praesentia
845 2279 951 2351 Turni,

177 2372 276 2447 Atque
292 2371 386 2429 omnis
400 2371 516 2429 facibus
530 2373 623 2448 pubes
637 2373 804 2451 accingitur
817 2373 899 2432 atris.

176 2462 339 2541 Diripuere
353 2464 436 2521 socos
450 2483 457 2532 ;
482 2464 597 2540 piceum
612 2465 667 2523 fert
683 2466 791 2523 fumido
805 2466 903 2525 lumon

176 2557 280 2627 Toeda,
297 2566 326 2614 et
340 2557 526 2615 commixtam
539 2557 693 2615 Vulcanus
708 2559 744 2616 ad
762 2568 843 2616 astra
856 2559 996 2620 favillam.

216 2649 293 2721 Quis
307 2651 391 2720 deus,
407 2670 424 2707 ο
439 2670 541 2720 musta,
557 2659 617 2708 tam
631 2672 712 2709 saeva
725 2653 862 2711 incendia
876 2653 1004 2713 Teucris

176 2745 316 2803 Avertit?
338 2752 436 2802 tantos
450 2745 564 2802 ratibus
579 2745 644 2820 quis
657 2745 769 2821 depulit
782 2748 868 2825 ignes
882 2747 893 2804 i

176 2837 286 2897 Dicite.
329 2837 434 2894 Prisca
447 2837 520 2894 lidos
535 2838 624 2906 lacto,
639 2838 691 2895 sed
707 2839 785 2897 sams
799 2841 946 2917 perennis.

215 2933 363 3008 Tempore
379 2950 437 3007 quo
453 2930 575 3007 primum
590 2931 724 3009 Phrygia
738 2933 882 2991 formabat
897 2935 926 2991 in
941 2931 998 2992 ldd
1073 2968 1082 2973 -

176 3025 296 3085 AEneas
310 3026 448 3096 classem,
465 3032 493 3081 et
509 3024 607 3102 pelagi
622 3033 722 3101 petere
738 3027 799 3083 alta
813 3029 937 3103 parabat

176 3117 247 3195 Ipsa
261 3118 348 3176 deum
364 3118 458 3175 fertur
471 3117 606 3194 genetrix
620 3117 801 3194 Berecyntia
814 3139 955 3197 magnum

176 3210 310 3269 Vocibus
325 3210 370 3267 his
385 3211 474 3267 affata
487 3211 593 3269 Jovern
609 3229 616 3266 τ
639 3210 698 3280 Da,
715 3220 793 3282 nate,
810 3213 932 3289 petenti,

178 3302 266 3369 Quod
280 3312 331 3360 tua
345 3323 416 3361 cora
430 3322 538 3380 parens
552 3304 660 3361 domito
675 3312 703 3361 tc
719 3305 812 3381 poscit
826 3306 962 3383 Olympo.

176 3395 271 3455 Pinea
285 3396 360 3453 silva
374 3395 454 3466 mihi,
472 3397 577 3453 multos
591 3397 700 3454 dilecta
715 3417 768 3474 per
782 3417 885 3469 annos,

176 3490 280 3549 Lucus
294 3491 323 3548 in
338 3510 408 3548 arce
423 3491 476 3548 suit
490 3491 616 3561 summi,
633 3493 691 3568 qud
711 3513 800 3551 soora
815 3494 962 3566 serebant,

178 3584 316 3662 Nigranti
331 3582 417 3661 piced
430 3585 622 3660 trabibusque
637 3588 781 3644 obscurus
800 3587 918 3645 acernis
933 3606 941 3644 :

177 3677 245 3734 Hos
260 3697 317 3755 ego
331 3677 485 3735 Dardanio
495 3678 608 3754 juveni,
627 3696 717 3754 quum
730 3679 836 3737 classis
850 3687 965 3757 egeret,

176 3769 263 3827 Laeta
277 3771 343 3828 dedi
357 3791 365 3840 ;
388 3791 466 3829 nunc
480 3772 636 3829 sollicitam
650 3771 737 3828 timor
751 3772 855 3829 anxius
869 3781 966 3849 urget.

178 3863 265 3920 Solve
281 3874 385 3934 metus,
402 3872 491 3940 atque
505 3865 562 3922 hoc
577 3864 715 3941 precibus
729 3865 793 3923 sine
808 3885 895 3942 posse
916 3874 1081 3942 parentem,

177 3954 224 4012 Ne
239 3975 329 4013 cursu
344 3964 491 4031 quassatae
506 3958 576 4028 ullo,
592 3976 651 4014 neu
664 3958 781 4015 turbine
797 3959 887 4029 venti,

177 4045 343 4106 Viucantur
358 4067 366 4117 ;
390 4050 482 4126 prosit
496 4051 603 4109 nostris
616 4051 646 4108 in
659 4052 805 4109 montibus
819 4061 909 4110 ortas.

176 4140 271 4200 Filius
285 4141 354 4200 huic
368 4143 484 4217 contrd,
497 4152 615 4222 torquet
630 4145 678 4222 qui
693 4144 792 4204 sidero
807 4144 928 4204 muudi:
