2692 5122
1079 384 1083 392 r

517 795 691 844 AEttslnos
710 797 779 844 cra
793 797 840 844 rx.
1110 803 1166 859 ent

187 931 323 992 Volvitur
337 933 386 990 ille
402 951 522 990 vomens
536 935 664 992 calidum
677 935 714 994 de
728 944 849 1013 pectore
863 934 973 992 flumen

185 1022 336 1103 Frigidus,
353 1033 383 1082 et
396 1026 493 1103 longis
507 1027 684 1104 singultibus
698 1028 748 1086 ilia
763 1030 869 1106 pulsat.
1111 1028 1170 1086 415

185 1117 305 1176 Diversi
320 1119 570 1197 circumspiciunt.
613 1121 684 1178 Hoc
698 1122 796 1179 acrior
810 1122 887 1179 idem

185 1210 267 1270 Eece
282 1211 362 1269 aliud
377 1211 492 1270 summis
504 1213 597 1270 telum
611 1213 736 1272 librabat
751 1217 787 1271 ab
807 1233 878 1271 aure
894 1233 901 1271 ε

185 1303 265 1362 Dum
278 1305 436 1382 trepidant,
453 1306 484 1362 iit
498 1307 585 1363 hasta
597 1307 685 1384 Tago
699 1327 752 1384 per
764 1316 881 1384 tempus
895 1315 1063 1384 utrumque,

186 1397 328 1468 Stridens,
345 1399 529 1475 trajectoque
544 1400 628 1458 haesit
642 1401 791 1477 tepefacta
805 1402 939 1459 cerebro.

186 1488 275 1549 savir
289 1499 375 1548 atrox
385 1491 547 1563 >Volscens‚
565 1513 620 1551 nec
634 1494 686 1550 teli
700 1494 845 1571 conspicit
859 1514 985 1569 usquam
1110 1495 1170 1552 420

185 1582 357 1654 Auctorem,
374 1604 430 1641 nec
446 1584 504 1660 qub
520 1605 552 1643 se
567 1586 675 1644 ardens
689 1587 844 1644 immittere
859 1587 971 1664 possit:

185 1675 231 1735 'l'u
244 1684 344 1735 tamen
358 1679 475 1736 interea
489 1680 585 1737 calido
599 1681 670 1738 mibi
685 1680 830 1758 sanguine
850 1699 953 1757 poenas

184 1768 342 1827 Persolves
356 1773 521 1843 amborum,
538 1773 641 1848 inquit.
684 1773 776 1830 Simul
790 1792 862 1831 ense
877 1773 996 1830 recluso

184 1860 250 1920 Ibat
264 1863 294 1920 in
307 1863 483 1940 Euryalum.
510 1866 604 1923 -Tum
617 1865 688 1924 verb
711 1867 879 1936 exterritus,
897 1885 1000 1925 amens

186 1952 362 2016 Conclamat
376 1957 469 2015 Nisus
486 1977 493 2026 ;
519 1978 574 2016 nec
588 1978 622 2017 se
637 1960 736 2017 celare
750 1960 882 2017 tenebris
1111 1963 1170 2020 425

183 2048 327 2126 Amplius,
344 2058 395 2107 aut
408 2059 522 2109 tantum
537 2053 628 2128 potuit
643 2053 776 2130 perferre
792 2053 944 2112 dolorem:

183 2139 244 2213 Me,
260 2161 319 2213 me,
337 2144 439 2201 sdsum
455 2145 505 2220 qui
519 2145 577 2202 feci
593 2165 600 2214 ;
624 2147 714 2204 inme
731 2148 894 2205 convertite
908 2148 1030 2219 ferrum,

184 2235 210 2294 0
223 2235 328 2295 Rutuli
343 2240 349 2294 !
371 2258 437 2296 mea
452 2239 534 2296 fraus
547 2241 642 2298 omnis
657 2261 664 2297 τ
686 2241 756 2299 nihil
772 2243 827 2299 iste
841 2261 898 2299 nec
912 2262 1015 2313 ausus,

183 2326 248 2386 Noc
264 2331 356 2406 potnit
370 2351 378 2400 ;
402 2332 511 2389 coelum
526 2332 582 2389 hoc
598 2340 627 2389 et
641 2335 762 2391 conscia
775 2335 875 2392 sidera
887 2343 980 2393 testor
995 2352 1003 2391 :

182 2419 311 2480 Tantum
326 2424 474 2481 infelicem
488 2425 609 2482 nimium
623 2425 723 2483 dilexit
738 2428 876 2486 amicum.
1110 2428 1170 2486 430

182 2513 270 2572 Talia
283 2516 363 2574 dieta
377 2517 468 2574 dabat
480 2536 488 2585 ;
512 2518 564 2575 sed
579 2518 691 2576 viribus
706 2520 786 2576 ensis
800 2519 923 2577 adactus

181 2605 352 2668 Transabiit
366 2621 477 2682 costas,
494 2620 523 2669 et
537 2610 665 2668 candida
683 2621 804 2688 pectora
819 2613 936 2689 rumpit.

182 2699 319 2761 Volvitur
332 2704 486 2780 Euryalus
500 2706 569 2775 leto,
587 2705 786 2781 pulchrosque
801 2725 854 2782 per
868 2713 951 2763 artus

182 2792 208 2852 lt
222 2815 321 2867 cruor,
339 2797 428 2872 inque
443 2798 581 2855 humeros
595 2798 696 2856 cervix
711 2799 843 2876 collapsa
857 2798 1021 2857 recumbit:

181 2885 353 2966 Purpureus
368 2890 459 2948 veluti
474 2910 563 2966 quum
578 2891 643 2963 flos,
660 2892 796 2950 succinus
811 2901 922 2963 aratro,
1060 2949 1062 2954 ,
1106 2893 1166 2950 4³5

181 2979 365 3060 Languescit
379 2983 507 3041 moriens
523 3004 531 3053 ;
555 2985 672 3043 lassove
687 3005 837 3062 papavera
851 2986 928 3043 collo

181 3071 339 3133 Demisire
354 3085 453 3153 caput,
470 3076 570 3153 pluvii
584 3098 674 3154 quum
688 3078 762 3136 sorte
777 3088 948 3155 gravantur.

181 3166 221 3224 At
234 3167 327 3225 Nisus
341 3169 400 3225 ruit
414 3169 443 3225 in
458 3170 580 3240 medios,
597 3172 752 3245 solumque
767 3190 820 3247 per
833 3189 936 3228 omnes

181 3257 375 3338 Volscentem
388 3263 458 3339 petit
475 3282 482 3331 ;
507 3265 536 3321 in
551 3265 614 3321 solo
628 3265 791 3321 Volscente
805 3273 947 3320 moratur.

182 3351 279 3421 Quem
295 3355 407 3413 circum
421 3357 577 3432 glomerati
591 3357 702 3426 hostes,
719 3357 788 3413 hinc
803 3355 966 3412 comminus
980 3364 1071 3430 atque
1085 3354 1155 3415 hino

180 3443 359 3505 Proturbant
375 3467 381 3505 :
405 3449 492 3505 instat
508 3447 689 3516 nonsecii1s‚
706 3467 743 3505 ac
758 3456 835 3505 rotat
850 3465 952 3504 ensem
1105 3451 1160 3505 441

180 3535 366 3597 Fulmineum
382 3561 389 3610 ;
415 3540 509 3597 donee
523 3540 628 3598 Rutuli
642 3540 798 3596 clamantis
813 3539 842 3595 in
857 3557 908 3596 ore

180 3629 319 3690 Condidit
335 3634 471 3702 adverso,
488 3642 517 3689 et
531 3632 660 3689 moriens
674 3632 800 3688 animam
815 3631 935 3689 abstulit
948 3630 1035 3691 hosti.

179 3721 257 3781 'l'um
271 3745 360 3803 super
374 3728 542 3783 exanimum
556 3745 623 3783 sese
639 3726 761 3803 projecit
776 3726 904 3784 amioum

179 3816 347 3891 Confessus,
357 3819 530 3896 placidique
546 3821 585 3877 ibi
600 3821 716 3877 demum
731 3829 823 3878 morte
839 3820 958 3896 quievit.
1105 3823 1163 3880 445

215 3910 373 3969 Fortunati
388 3915 493 3970 ambo!
509 3915 534 3970 si
550 3914 617 3990 quid
633 3933 699 3971 mea
713 3915 845 3971 carmina
860 3922 993 3990 possunt,

176 4005 269 4065 Nulla
283 4009 348 4066 dies
363 4030 491 4086 unquam
505 4012 626 4068 memori
640 4031 694 4068 vos
709 4013 815 4068 eximet
831 4030 895 4068 aevo
909 4031 916 4079 ;

176 4097 257 4158 Dum
272 4102 375 4160 domus
390 4105 500 4161 AEneae
514 4103 645 4181 Capitoli
659 4105 806 4162 immobile
822 4123 927 4162 saxum

176 4194 312 4266 Accolet,
329 4197 543 4272 imperiumque
558 4206 642 4273 pater
655 4198 810 4255 Romanus
824 4198 952 4257 habebit.

214 4285 355 4345 Victores
370 4289 471 4366 praedi
485 4290 589 4346 Rutuli
604 4291 764 4367 spoliisque
783 4291 866 4368 potiti
1101 4292 1161 4351 450

175 4376 368 4439 Volscentem
381 4383 547 4439 exanimum
562 4382 667 4439 flentes
682 4383 711 4440 in
727 4393 826 4440 castra
840 4384 982 4443 serebant.

174 4471 241 4531 Nee
256 4475 351 4531 minor
364 4476 393 4532 in
407 4476 514 4532 castris
527 4476 635 4546 luctus,
652 4475 820 4534 Rhamnete
835 4485 953 4554 reperto

175 4565 342 4645 Exsangui,
358 4576 387 4624 et
401 4569 502 4645 primis
517 4567 577 4626 unii
590 4577 633 4626 tot
647 4569 729 4627 crede
744 4571 914 4647 peremptis,
