2692 5122
503 800 675 853 AENElDOS
694 804 763 853 ΜΒ.
778 804 825 854 xl.

174 943 231 1003 Est
244 950 273 1001 et
288 943 465 1001 Volscorum
479 943 605 1022 egregiis
618 944 655 1002 de
669 953 760 1022 gente
773 944 913 1017 Camilla,

175 1038 292 1116 Agmen
308 1057 401 1114 agens
416 1038 558 1113 equitum,
574 1047 603 1095 et
618 1038 759 1097 florentes
774 1058 834 1096 mre
849 1048 996 1098 catervas.

175 1130 264 1199 Quod
280 1131 305 1189 si
319 1150 365 1188 me
380 1131 474 1189 solum
486 1131 599 1189 Teucri
613 1132 643 1188 in
657 1133 819 1189 certamina
834 1141 969 1208 poscunt,

175 1222 269 1300 quue
283 1225 390 1301 placet,
407 1225 579 1301 tantumque
594 1225 679 1282 bonis
693 1226 897 1284 communibus
910 1229 995 1285 obsto
1008 1246 1017 1297 3

175 1318 203 1377 N
206 1337 243 1375 on
257 1317 333 1376 adad
347 1319 402 1376 has
415 1337 507 1376 exosa
521 1337 627 1377 manus
644 1319 781 1376 Victoria
795 1320 880 1398 sugit,

175 1409 213 1468 Ut
226 1409 312 1468 tanti
327 1412 484 1487 quidquam
499 1432 552 1489 pro
566 1432 618 1489 spe
632 1421 748 1469 tentare
763 1432 910 1471 recusem.

175 1504 229 1562 Ibo
243 1504 347 1562 animis
361 1505 464 1563 contri
479 1524 486 1574 3
510 1507 557 1562 vel
571 1524 709 1583 magnum
725 1515 843 1581 praestet
859 1506 1017 1579 Achillem,

175 1596 329 1673 Factaque
343 1599 473 1656 Vulcani
487 1599 623 1656 manibus
638 1599 721 1675 paria
735 1598 837 1656 induat
852 1618 936 1657 arma

175 1690 227 1750 llle
242 1691 322 1750 licet.
364 1692 460 1749 Vobis
474 1693 602 1749 animam
615 1693 692 1750 hanc
707 1692 1007 1768 soceroque-Latine,

175 1782 294 1843 Turnus
308 1805 376 1863 ego,
393 1786 471 1843 haud
486 1786 537 1842 ulli
553 1794 686 1843 veterum
701 1787 807 1843 virtute
823 1786 983 1858 secundus,

175 1877 299 1937 Devovi.
343 1880 444 1937 Solum
458 1879 577 1936 AEneas
592 1887 700 1936 vocat:
723 1887 762 1949 et,
780 1887 877 1950 vocet,
894 1899 956 1938 oro.

173 1971 238 2030 Nec
252 1972 391 2029 Drances
406 1972 511 2047 potius,
528 1971 590 2028 sive
605 1981 649 2029 est
664 1971 729 2030 haec
743 1973 789 2030 ira
803 1972 936 2044 deorum,

173 2063 270 2123 Morte
285 2066 347 2123 luat
363 2085 371 2134 3
395 2067 457 2122 sire
471 2074 516 2123 est
531 2065 624 2123 virtus
638 2073 666 2123 et
684 2065 789 2142 gloria,
805 2067 899 2125 tollat.

211 2158 259 2216 Illi
274 2159 339 2216 haec
353 2159 475 2216 interae
490 2159 587 2239 dubiis
601 2158 637 2216 de
653 2160 743 2217 rebus
758 2162 888 2236 agebant

176 2251 354 2312 cenantes:
377 2260 477 2309 castra
493 2250 607 2308 AEneas
622 2253 776 2327 aciemque
791 2254 937 2310 movebat.

174 2345 302 2404 Nuntius
317 2346 428 2423 ingenti
443 2364 495 2421 per
510 2346 594 2422 regia
607 2354 688 2401 tecta
701 2346 828 2402 tumultu

174 2438 255 2496 Ecce
271 2441 339 2508 ruit,
356 2439 532 2515 magnisque
548 2439 651 2494 urbem
664 2438 828 2495 terroribus
844 2438 944 2515 implet
958 2457 967 2507 3

174 2530 338 2590 Instructos
353 2534 418 2590 acie
432 2532 575 2589 Tiberino
590 2551 607 2588 a
622 2531 741 2588 flumine
755 2531 892 2588 Teucros

174 2625 419 2703 Tyrrhenamque
434 2644 553 2681 manum
567 2625 635 2681 totis
650 2624 833 2681 descendere
848 2625 969 2702 eampis.

174 2719 330 2797 Extemplo
343 2721 453 2777 turbati
469 2720 568 2789 animi,
585 2738 792 2794 concussaque
808 2719 889 2796 vulgi

174 2812 312 2884 Pectora,
329 2823 358 2870 et
373 2822 497 2871 arrectas
512 2813 637 2870 stimulis
652 2812 730 2869 haud
746 2813 883 2869 mollibus
896 2812 958 2870 irc.

175 2905 268 2965 Arma
282 2926 370 2964 manu
383 2907 490 2983 trepidi
506 2915 630 2983 poscunt
644 2925 652 2974 3
677 2905 772 2962 fremit
787 2925 868 2962 arma
879 2907 1021 2981 juventus
1037 2923 1045 2974 3

174 2997 260 3056 Fient
275 3001 372 3057 moesti
387 3010 578 3075 mussantque
594 3008 702 3076 patros.
746 2999 809 3056 Hic
823 2999 954 3073 undique
968 2999 1081 3057 clamor

174 3090 319 3149 Dissensu
335 3093 417 3148 vario
432 3112 557 3169 magnus
571 3111 604 3149 se
618 3093 691 3149 tollit
706 3093 734 3149 in
750 3111 840 3149 auras
856 3110 863 3148 :
1097 3090 1158 3148 456

175 3183 264 3243 Haud
280 3205 368 3242 secus
384 3194 472 3261 atque
488 3187 548 3243 alto
562 3187 590 3242 in
605 3187 672 3242 luco
688 3205 777 3262 quum
791 3185 866 3242 forte
882 3193 1012 3243 catervan

176 3276 348 3338 Consedere
363 3280 472 3349 avium,
489 3280 643 3356 piscosove
659 3298 744 3335 arnna
759 3279 886 3335 Padusae

175 3369 254 3429 Dant
269 3373 396 3429 sonitum
411 3373 495 3429 rauci
511 3392 563 3448 per
577 3381 682 3448 stagna
697 3371 835 3446 loquacia
849 3370 945 3444 cycni.

176 3463 277 3535 Immo,
294 3466 345 3535 ait,
362 3486 380 3521 o
395 3466 486 3534 cives,
504 3473 622 3540 arrepto
636 3474 779 3540 tempore,
795 3463 929 3532 Turnus,

176 3556 282 3635 Cogite
297 3559 466 3627 concilium,
484 3566 513 3614 et
529 3577 630 3634 pacem
646 3557 763 3614 laudate
778 3555 938 3613 sedentes:
1098 3554 1160 3614 460

176 3650 220 3709 illi
235 3654 324 3710 armis
339 3655 366 3710 in
382 3672 477 3730 regna
491 3661 587 3709 ruant.
630 3651 658 3707 N
662 3670 697 3707 ec
713 3651 797 3726 plura
812 3651 928 3707 locutus

176 3744 325 3823 Corripuit
340 3767 418 3816 sese,
436 3754 464 3802 et
479 3745 566 3802 tectis
580 3746 657 3802 citus
671 3744 774 3800 extulit
789 3744 865 3801 altis.

174 3836 230 3909 Tu,
248 3840 372 3910 Voluse,
390 3840 499 3896 armari
513 3838 691 3895 Volscorurn
706 3838 791 3894 edice
806 3836 941 3914 maniplis
956 3855 963 3906 3

174 3927 252 4002 Duc,
270 3933 320 4002 ait,
337 3942 366 3990 et
380 3934 519 3991 Rutulos.
561 3933 712 4007 Equitem,
728 3932 898 4007 Messapus,
914 3930 944 3988 in
958 3929 1058 4001 armis,

174 4023 211 4081 Et
226 4026 400 4083 cumfratre
416 4028 524 4097 Coras,
541 4027 608 4085 latis
622 4026 774 4083 diffundite
789 4026 911 4102 campis.
1098 4023 1158 4081 465

174 4114 247 4176 Pars
262 4120 359 4177 aditus
374 4122 455 4177 urbis
470 4121 596 4190 firment,
613 4130 769 4194 turresque
785 4124 964 4194 capessant:
1100 4109 1101 4113 ἵ

175 4209 305 4283 Caetera,
323 4210 486 4289 qurijusso,
503 4233 617 4271 mecum
632 4232 736 4270 manus
752 4212 858 4269 inserat
873 4230 965 4272 arma.

211 4305 298 4363 llicrt
315 4308 343 4363 in
359 4327 457 4364 muros
472 4308 535 4365 told
548 4307 724 4365 discurritur
738 4309 825 4364 urbe.

176 4397 341 4458 Concilium
357 4403 419 4477 ipse
435 4411 517 4479 pater
531 4411 560 4458 et
574 4421 682 4478 magna
697 4401 815 4477 incepta
832 4400 959 4459 Latinus

174 4490 305 4565 Deserit,
324 4516 359 4551 ac
375 4496 450 4552 tristi
463 4499 599 4552 turbatus
613 4505 743 4572 tempore
760 4495 865 4553 differt.
1099 4493 1158 4548 47⁰

174 4584 329 4664 Multaque
345 4609 377 4645 so
392 4589 519 4659 incusat,
536 4590 658 4664 quinon
674 4589 823 4664 acceperit
843 4588 919 4644 ultro

448 4684 514 4738 26·
827 4695 882 4736 rrrr
