2692 5122
200 376 261 438 w
501 372 528 420 r.
541 371 706 420 vraorarr
724 371 893 422 alacrus

200 514 296 592 Ignea
308 513 384 572 rima
397 511 511 571 micans
525 512 670 589 percurrit
684 512 795 570 lumine
808 512 932 570 nimbos.

200 608 298 665 Sensit
312 608 381 666 loeta
395 605 470 664 dolis
484 613 513 662 et
527 605 629 663 formas
642 605 766 663 conseia
777 604 895 680 conjux.

198 701 277 759 Turn
291 712 375 779 pater
389 708 501 759 aeterno
515 699 594 758 fatur
607 699 763 757 devinctus
781 717 881 756 amore
897 717 907 768 3

199 792 280 862 Quid
294 814 403 853 causas
418 794 493 872 petis
507 812 544 850 ex
558 793 644 851 alto?
665 792 776 851 fiducia
788 793 879 850 cessit
1123 793 1185 859 Μ

198 886 267 954 Qud
282 888 345 958 tibi,
361 887 440 958 diva,
456 886 539 945 mei?
560 886 663 943 similis
677 886 703 943 si
717 905 792 944 cura
806 885 921 957 suisset,

196 979 275 1039 Tum
290 1000 408 1057 quoque
422 981 468 1038 fas
482 980 567 1038 nobis
579 979 716 1037 Teucros
730 998 847 1037 mmai-e
861 979 965 1039 suaset
979 998 988 1049 3

196 1072 229 1133 N
230 1094 266 1133 ec
283 1075 375 1133 Pater
389 1076 574 1152 omnipotens
588 1072 709 1150 Trojam
723 1093 781 1132 neo
795 1074 857 1132 sata
876 1076 1016 1133 vetabant

196 1170 294 1240 Stare,
310 1167 473 1244 decemque
487 1168 561 1225 alios
573 1168 725 1225 Priamum
739 1186 897 1244 superesse
912 1187 966 1244 per
978 1186 1082 1227 mooe.

194 1258 235 1319 En
249 1281 339 1332 nunc,
357 1262 383 1320 si
397 1262 510 1320 bellare
525 1280 624 1338 paras,
639 1271 729 1337 atque
743 1261 808 1319 lanc
822 1261 876 1319 tibi
889 1279 974 1319 mens
986 1269 1045 1333 est,
1118 1263 1181 1323 «tm

194 1354 348 1431 Quidquid
362 1355 392 1413 in
406 1365 469 1413 arte
483 1356 549 1412 mei
562 1374 682 1432 possum
696 1354 863 1432 promittere
877 1373 971 1426 curia,

194 1446 283 1515 Quod
298 1449 364 1507 fieri
377 1448 456 1506 t'erro
470 1449 617 1524 liquidove
632 1457 728 1525 potest
742 1449 867 1520 electro,

194 1539 346 1608 Quantum
360 1542 446 1619 ignes
460 1542 627 1617 animaeque
641 1541 739 1599 valent
755 1560 764 1610 ;
788 1542 899 1599 absiste
913 1540 1066 1617 precando

192 1632 316 1691 Viribus
330 1634 496 1692 indubitare
509 1634 578 1693 tuis.
620 1634 669 1693 Ea
683 1635 775 1692 verba
788 1635 916 1705 locutus,

192 1724 317 1803 Optatos
332 1728 411 1785 dedit
425 1728 588 1804 amplexus,
604 1727 810 1804 placidumque
827 1728 928 1804 petivit
1117 1728 1177 1787 Μ

191 1819 338 1899 Coajugis
352 1821 467 1880 infusus
481 1821 595 1899 gremio
610 1839 663 1898 per
677 1822 810 1879 membra
823 1840 970 1898 soporem.
1055 1814 1058 1821 ¹

230 1913 314 1987 Inde,
330 1916 379 1973 ubi
394 1916 487 1993 prima
504 1915 598 1990 quies,
614 1914 712 1971 medio
720 1914 783 1990 jam
798 1915 893 1972 noctis
913 1916 1030 1973 abactas

191 2008 362 2082 Curriculo,
378 2012 532 2089 expulerat
547 2029 680 2068 somnum
694 2029 702 2079 ;
728 2029 817 2086 quum
830 2009 952 2067 soemina
965 2008 1104 2088 primum,

104 2122 107 2127 ·
190 2101 250 2162 Cui
263 2105 392 2162 tolerare
407 2105 473 2162 colo
487 2104 577 2161 vitam
590 2104 732 2179 tenuique
745 2101 885 2160 Minerva

189 2193 372 2273 Impositum,
389 2197 520 2255 cinerem
534 2211 563 2254 et
578 2197 689 2274 sopitos
701 2196 825 2254 suscitat
840 2196 936 2273 ignes,
1114 2196 1172 2257 ⁴10

188 2289 316 2348 Noctem
331 2290 442 2348 addens
456 2290 561 2367 operi;
584 2290 769 2365 famulasque
784 2289 821 2346 ad
835 2289 947 2347 lumina
964 2289 1056 2368 longo

187 2380 319 2439 Exercet
334 2401 436 2459 penso,
453 2391 568 2440 castum
583 2389 614 2439 ut
628 2401 750 2439 servare
765 2382 863 2441 cubile

188 2472 345 2551 Conjugis,
362 2483 391 2532 ct
406 2476 497 2551 possit
512 2494 619 2552 parvos
633 2475 763 2532 educere
777 2483 863 2533 natos
878 2494 886 2531 :

186 2566 279 2625 Haud
294 2569 382 2626 seoiis
397 2569 573 2645 ignipotens,
589 2587 646 2625 neo
659 2575 792 2645 tempore
806 2568 927 2646 segnior
940 2569 1001 2640 illo,

185 2658 328 2717 Mollibus
342 2680 359 2717 e
373 2661 475 2717 stratis
488 2678 580 2737 opera
594 2660 630 2717 ad
645 2661 763 2719 fabrilia
776 2661 882 2739 surgit.
1111 2661 1170 2721 416

186 2749 289 2809 Insula
304 2753 453 2811 Sicanium
464 2753 549 2828 juxta
564 2753 641 2811 latus
660 2753 854 2830 AEoliamque

185 2845 320 2923 Erigitur
333 2845 475 2922 Liparen,
491 2846 671 2904 fumantibus
686 2848 778 2906 ardua
792 2847 871 2905 saxis
884 2866 893 2917 ;

185 2936 286 3005 Quam
300 2941 401 2996 subter
415 2958 523 3015 specus
537 2948 567 2996 et
582 2939 748 3017 Cyclopum
762 2958 854 2998 exesa
868 2940 994 2999 cuminis

183 3033 279 3090 Antra
293 3033 418 3091 AEtnaea
430 3041 543 3104 tonant,
561 3033 708 3108 validique
722 3033 879 3091 incudibus
892 3034 970 3092 ictus

182 3125 284 3185 Auditi
299 3127 430 3185 referunt
445 3128 596 3204 gemitum,
612 3127 798 3202 striduntque
812 3127 950 3185 cavernis
1107 3129 1167 3187 θ)

184 3219 337 3278 Stricturae
352 3221 531 3297 Chalybum,
547 3229 578 3278 et
592 3220 762 3278 fornacibus
777 3220 854 3296 ignis
874 3220 994 3279 anhelat
1010 3240 1018 3278 ε

182 3311 313 3371 Vulcani
325 3313 438 3383 domus,
455 3323 485 3370 et
499 3314 649 3371 Vulcania
663 3314 780 3371 nomine
795 3314 893 3374 tellus.

181 3404 252 3462 Hoc
266 3415 337 3464 tunc
351 3407 518 3484 ignipotens
532 3406 609 3464 ooelo
623 3407 775 3464 descendit
790 3408 828 3465 ab
843 3408 913 3466 alto.

180 3497 308 3556 Ferrum
322 3501 502 3557 exercebant
516 3510 600 3557 vasto
615 3499 765 3577 Cyclopes
778 3501 809 3558 in
823 3513 918 3573 antro,

179 3590 378 3668 Brontesque,
396 3593 606 3669 Steropesque,
619 3602 649 3650 et
660 3595 756 3652 nudus
765 3596 900 3653 membra
910 3595 1092 3672 Pyracmon.
1104 3596 1164 3656 tao

179 3684 239 3743 His
254 3685 440 3743 informatum
456 3687 600 3758 manibus,
613 3686 676 3763 jam
690 3698 774 3764 parte
790 3688 891 3764 politii,

179 3776 306 3835 Fulmen
322 3787 386 3836 erat
399 3797 407 3848 ;
431 3787 493 3837 toto
507 3781 624 3858 genitor
638 3800 703 3856 quas
719 3783 845 3859 plurima
858 3783 937 3842 ooelo

178 3868 290 3947 Dejioit
304 3873 334 3930 in
347 3881 463 3944 terras3
488 3895 557 3951 para
571 3876 743 3952 imperfecta
762 3878 909 3936 manebat.

177 3963 255 4022 Tres
269 3966 370 4024 imbris
383 3968 453 4025 torti
466 3969 576 4040 radios,
591 3978 653 4028 tres
668 3970 753 4027 nubis
768 3990 890 4047 aquosis

177 4055 370 4131 Addiderant,
388 4062 468 4120 rutili
481 4072 542 4121 tres
557 4063 635 4141 ignis
649 4071 678 4120 et
693 4063 771 4120 alitis
790 4064 892 4124 austri.
1104 4066 1162 4126 45)

175 4151 325 4232 Fulgores
338 4174 417 4214 nunc
430 4159 586 4230 terrificos,
603 4144 801 4234 sonitumque,
816 4167 999 4237 metumque,
