2692 5122
174 382 234 441 222
457 378 483 424 r.
505 378 671 425 vraornrr
695 378 866 429 ussurus

176 513 343 575 Coelestrim
356 515 401 574 vis
414 533 524 593 magna
540 516 634 591 jubet.
676 516 744 575 Rex
759 518 820 594 ipse
833 515 972 586 Latinus,

175 610 216 669 Ni
230 610 302 667 dare
317 609 498 687 conjugium,
514 619 544 667 et
557 609 637 668 dicto
651 628 756 687 parere
771 611 890 679 fatetur,

177 704 300 775 Sentiat,
317 713 346 761 et
361 703 479 766 tandem
495 701 629 769 Turnum
643 703 813 780 experiatur
827 703 856 760 in
872 701 970 759 armis.

215 796 278 855 Hic
294 797 424 872 juvenis,
441 804 538 853 vatem
553 795 689 866 irridens,
705 796 748 853 sic
763 814 833 853 orsa
846 794 976 852 vicissim
1101 792 1161 851 4³5

177 887 239 948 Ore
254 891 344 947 refert
360 909 367 945 ε
391 889 517 948 Classes
531 889 663 946 invectas
677 888 818 964 Tybridis
831 889 916 946 alveo

175 982 255 1053 Non,
273 991 303 1040 ut
317 1001 395 1054 rere,
412 1001 494 1040 meas
508 981 611 1058 effugit
626 982 745 1040 nuntius
760 1001 857 1040 aures.

176 1075 224 1135 Ne
238 1084 336 1133 tentos
351 1076 421 1133 milri
435 1076 514 1152 finge
529 1083 645 1133 metus:
667 1094 723 1133 nec
739 1075 822 1152 regia
834 1075 855 1133 J
857 1094 915 1132 uno

176 1169 333 1228 Immemor
346 1178 392 1227 est
405 1169 508 1228 nostri.

177 1262 236 1321 Sed
249 1272 279 1320 te
294 1263 374 1323 victa
387 1263 445 1320 situ
461 1263 583 1338 verique
598 1262 699 1321 effoeta
712 1273 864 1333 senectus,
1100 1260 1161 1319 440

176 1355 323 1427 Omater‚
340 1356 421 1413 curis
435 1355 634 1431 nequidquam
652 1365 784 1427 exercet,
800 1365 829 1413 et
844 1372 928 1414 arma

176 1452 296 1529 Regum
311 1452 388 1509 inter
402 1449 477 1509 lalsd
491 1461 587 1508 vatem
601 1451 756 1509 formidine
770 1451 853 1508 ludit.

177 1543 262 1605 Cura
276 1546 339 1614 tibi,
356 1542 454 1602 divtim
469 1545 584 1621 effigies
598 1554 627 1602 et
640 1545 751 1620 templa
763 1545 841 1601 tueri
855 1562 862 1600 :

177 1637 263 1696 Bella
278 1639 333 1695 riri
347 1657 510 1715 pacemque
525 1646 641 1714 gerent,
659 1637 743 1712 queis
758 1637 837 1695 bella
850 1634 993 1714 gerenda.

216 1731 342 1790 Talibus
356 1732 474 1788 Allecto
488 1731 574 1788 dictis
588 1730 699 1788 exarsit
714 1731 743 1787 in
758 1731 827 1787 iras.
1102 1726 1161 1787 440

178 1826 217 1883 At
234 1825 336 1901 juveni
351 1825 446 1881 oranti
460 1824 575 1880 subitus
588 1832 699 1880 tremor
712 1833 837 1900 occupat
852 1830 935 1881 artus
949 1840 957 1892 ;

177 1916 339 1995 Diriguere
354 1918 432 1975 oculi
448 1936 454 1972 :
476 1925 519 1973 tot
533 1916 665 1990 Erinnys
679 1916 776 1973 sibilet
790 1916 903 1992 hydris,

179 2009 336 2086 Tantaque
351 2030 384 2067 se
400 2009 493 2067 facies
507 2009 611 2086 aperit.
654 2008 743 2078 Tum,
760 2009 897 2067 flammea
909 2017 1053 2084 torquens

176 2104 316 2175 Lumine,
332 2112 522 2162 cunctantem
536 2111 565 2159 et
581 2111 763 2178 querentem
777 2102 877 2160 dicere
892 2102 979 2179 plura

177 2198 310 2275 Repulit,
327 2206 355 2254 et
370 2197 504 2275 geminos
518 2197 611 2253 erexit
626 2197 756 2254 crinibus
771 2215 896 2272 angues,
1102 2192 1161 2250 450

177 2290 375 2366 verberaque
390 2289 529 2359 insonuit,
546 2289 709 2364 rabidoque
725 2288 789 2346 haec
804 2288 915 2346 eddidit
928 2305 1000 2346 ore:

177 2383 237 2454 En,
253 2403 311 2460 ego
325 2384 402 2441 victe
417 2384 486 2453 situ,
504 2402 591 2457 quam
605 2382 667 2438 veri
682 2382 783 2439 effoeta
797 2391 937 2438 senectus

177 2477 270 2534 Arma
285 2477 361 2533 inter
374 2496 479 2553 regum
494 2474 570 2532 salsis
584 2475 738 2532 formidine
752 2474 834 2532 ludit.

176 2569 308 2645 Respice
324 2569 360 2625 ad
376 2570 461 2626 haec:
485 2569 588 2625 adsum
603 2568 731 2625 dirarum
747 2569 783 2624 ab
797 2567 868 2625 sede
883 2585 1039 2637 sororum

176 2661 262 2720 Belle
276 2681 362 2718 manu
378 2662 526 2736 letumque
547 2681 630 2738 gero.
1101 2658 1159 2717 456

178 2754 227 2811 Sic
242 2755 332 2811 effata
346 2755 441 2811 secem
459 2755 562 2829 juveni
576 2754 713 2829 conjecit,
729 2764 760 2813 et
774 2762 837 2812 atro

177 2845 303 2905 Lumine
318 2847 464 2905 fumantes
479 2848 540 2905 fixit
554 2850 609 2904 sub
625 2857 745 2924 pectore
759 2849 863 2906 taedas.

217 2940 276 2998 Olli
291 2960 423 2998 somnum
438 2942 543 3019 ingens
558 2942 664 3018 rumpit
680 2962 781 3018 pavor,
798 2959 927 3017 ossaque
941 2948 971 2999 et
985 2946 1069 2998 artus

176 3034 330 3093 Perfundit
345 3044 406 3093 toto
421 3044 579 3112 proruptus
593 3055 717 3112 corpore
733 3035 832 3092 sudor.

177 3130 271 3187 Arma
283 3148 385 3186 amens
399 3129 495 3186 srcmit
512 3148 518 3197 ;
544 3148 625 3186 erma
640 3141 704 3185 toro
719 3129 865 3202 tectisque
880 3126 1013 3202 requirit.
1103 3125 1162 3183 460

178 3224 268 3281 saevit
283 3244 365 3281 amor
380 3224 461 3294 ferri,
478 3232 507 3281 et
523 3225 669 3300 scelerata
685 3224 800 3281 insania
815 3223 894 3292 belli,

179 3316 228 3373 lre
242 3317 340 3393 super.
383 3316 498 3393 Magno
514 3316 603 3373 veluti
619 3336 708 3391 quum
722 3316 840 3373 flamma
858 3333 966 3373 sonore

177 3409 291 3485 Virgee
305 3409 478 3486 suggeritur
491 3409 582 3465 costis
597 3409 735 3466 undantis
750 3409 848 3479 aheni,

176 3501 396 3576 Exsultantque
412 3509 485 3558 aestu
500 3501 605 3557 latices
622 3520 629 3569 ;
653 3501 722 3559 surit
736 3502 815 3559 intus
830 3506 921 3576 aquai

176 3595 320 3653 Fumidus
336 3603 425 3669 atque
441 3593 497 3649 alte
514 3594 623 3669 spumis
638 3596 782 3651 exuberat
795 3594 911 3662 umnis;
1068 3662 1079 3671 ,
1105 3591 1163 3650 466

176 3689 205 3746 N
208 3709 243 3746 ec
257 3690 320 3763 jam
334 3708 366 3745 se
381 3688 461 3764 capit
477 3687 555 3744 unda
571 3706 578 3754 ;
603 3688 681 3744 volat
696 3707 788 3765 vapor
802 3696 866 3745 nter
880 3686 916 3744 ad
932 3704 1034 3746 auras.

176 3781 260 3858 Ergo
275 3783 331 3838 iter
345 3781 381 3837 ad
397 3800 509 3857 regem,
526 3778 638 3857 polluti
653 3800 737 3857 pace,
754 3781 894 3839 Latinum

177 3873 283 3932 Indicit
299 3874 399 3951 primis
416 3873 569 3948 juvenum,
586 3881 614 3929 et
631 3873 715 3947 jubet
731 3894 811 3931 arma
828 3873 939 3951 parari,
1090 3904 1098 3942 ι

176 3965 282 4024 Tutari
298 3966 424 4037 ltaliam,
441 3966 599 4023 detrudere
615 3967 722 4024 finibus
736 3969 851 4025 hostem
866 3986 873 4036 ;

178 4061 216 4119 Se
231 4058 303 4117 satis
318 4062 461 4118 ambobus
475 4060 662 4136 Teucrisque
677 4061 779 4119 venire
796 4061 983 4136 Latinisque.
1104 4057 1161 4117 470

178 4154 256 4214 Haec
271 4153 320 4212 ubi
335 4154 415 4213 dicta
433 4154 523 4227 dedit,
540 4156 682 4232 divosque
697 4156 726 4212 in
740 4164 810 4213 vota
823 4155 961 4213 vocavit:
1076 4140 1080 4152 '
1154 4138 1164 4159 Χ

1146 3834 1154 3872 l
