2692 5122
482 811 658 858 &Nemes
679 814 747 861 LlB.
763 816 799 861 11.

155 948 292 1020 Dixerat,
310 957 339 1006 et
353 949 457 1025 spissis
471 951 568 1008 noctis
583 971 616 1008 se
631 941 760 1010 coddidit
775 953 895 1014 umbris.

155 1047 308 1123 Apparent
322 1045 395 1103 dira
410 1045 513 1117 facies,
530 1047 709 1124 inimicaque
723 1050 824 1126 Trojae

155 1139 284 1198 Numina
297 1158 407 1216 magna
420 1137 518 1198 desim.
956 1176 1022 1209 ,s

192 1234 271 1290 Tum
285 1233 358 1292 verb
372 1253 459 1291 omne
477 1234 547 1291 mihi
562 1235 657 1292 visum
671 1237 827 1296 considere
841 1237 871 1295 in
885 1237 972 1316 ignes

155 1326 252 1399 Ilium,
270 1336 299 1385 et
314 1346 351 1385 ex
366 1327 423 1385 imo
437 1328 513 1385 verti
526 1328 680 1405 Neptunia
694 1330 796 1406 Troja.
1083 1334 1144 1391 625

155 1422 199 1478 Ac
214 1421 319 1492 veluti,
334 1421 456 1479 summis
470 1422 623 1496 antiquam
638 1423 666 1479 in
682 1406 830 1481 montibus
843 1442 949 1482 ornum

88 1549 93 1559 ·
154 1514 257 1581 Quum
271 1514 351 1572 ferro
366 1514 497 1572 accisam
512 1516 687 1590 crebrisque
703 1518 879 1593 bipennibus
893 1518 1003 1576 instant
1088 1560 1103 1603 q

154 1608 272 1679 Eruare
288 1608 431 1691 agricolae
445 1608 582 1665 certatim
599 1628 606 1678 ;
630 1609 681 1667 illa
696 1630 790 1687 usque
806 1611 944 1682 minatur,
956 1621 974 1677 c
985 1588 1091 1652 *w*

157 1701 193 1758 Et
207 1680 384 1760 tremisl⁴iibid
397 1721 513 1759 comam
527 1721 675 1760 concusso
690 1705 801 1762 vertice
817 1711 900 1762 nutat
914 1704 1006 1774 {⁸²⁸⁰

155 1793 339 1852 Vulneribus
353 1794 450 1852 denec
465 1794 606 1872 paulatim
620 1797 728 1871 evicta,
743 1798 913 1874 supremum
1084 1800 1144 1858 6³0

154 1887 347 1966 congemuit,
363 1888 513 1964 traxitque
530 1888 613 1966 jugis
628 1890 733 1947 avulsa
747 1891 872 1949 ruinam.
903 1916 906 1921 ·

152 1980 326 2052 Descende,
343 2000 390 2052 ac,
407 1981 535 2040 ducente
549 1982 617 2052 deo,
634 1983 782 2041 flammam
796 1984 874 2043 inter
888 1994 917 2043 et
932 1985 1034 2044 hostes

152 2073 307 2150 Expediet
320 2092 326 2130 ε
350 2072 420 2132 dant
434 2075 495 2133 tela
509 2075 618 2146 locum,
635 2075 820 2152 flammaeque
836 2078 989 2137 recedunt.

192 2167 293 2244 Atque
308 2167 359 2224 ubi
375 2167 438 2243 jam
457 2169 560 2244 patriae
576 2178 750 2245 perventum
765 2170 801 2227 ad
816 2171 918 2229 limina
931 2171 1021 2244 sedis,

20 2261 362 2347 ,Qtiquusque
376 2260 489 2330 domos,
506 2261 634 2338 genitor,
652 2281 740 2336 quem
754 2263 859 2321 tollere
874 2265 903 2322 in
919 2264 995 2323 altos
1083 2266 1142 2324 665

154 2352 301 2432 Optabam
317 2354 442 2431 primum
460 2362 585 2424 montes,
603 2354 787 2431 primumque
802 2348 1006 2432 petebam,''‘²''
1039 2391 1044 2401 ·

153 2448 293 2525 Abnegat
308 2444 412 2504 excissi
426 2446 517 2503 vitam
531 2445 697 2523 producere
711 2447 816 2523 Trojd,

153 2542 360 2617 Exsiliumque
375 2541 446 2618 pati.
488 2540 553 2597 Vos
567 2560 595 2610 o,
613 2542 720 2616 quibus
734 2543 851 2620 integer
865 2542 921 2600 aevi

154 2634 542 2723 Sanguis,',ait,qsolidoeque
557 2654 612 2692 suo
627 2643 705 2692 stant
720 2637 826 2694 robore
842 2637 931 2708 vires,

153 2728 221 2789 Vos
235 2714 347 2809 agitate
366 2728 477 2806 sugam.
1084 2735 1143 2793 640

152 2822 205 2881 Me
220 2823 245 2881 si
260 2822 406 2881 coelicolae
421 2823 584 2880 voluissent
598 2821 709 2880 ducere
725 2824 825 2895 vitam,

153 2916 222 2975 Has
236 2917 306 2974 mibi
321 2915 492 2974 serviissent
505 2916 594 2974 sedes
611 2936 617 2972 :
640 2917 713 2974 satis
730 2937 787 2975 una
803 2917 952 2996 superque

153 3009 291 3068 Vidimus
306 3010 432 3080 excidia,
447 3018 476 3067 et
490 3020 585 3087 captae
600 3012 807 3087 superavimus
827 3012 903 3071 urbi.

155 3104 203 3162 Sic
218 3124 247 3175 o,
264 3105 307 3161 sie
322 3103 449 3181 pesitum
464 3104 544 3161 affati
558 3104 702 3162 discedite
716 3125 835 3182 corpus.

154 3196 223 3275 lpse
237 3217 327 3254 manu
342 3207 466 3254 mortem
480 3197 628 3255 inveniam
643 3217 651 3264 ;
676 3199 865 3256 miserebitur
878 3198 982 3271 hostis,
1083 3202 1142 3258 645

152 3290 347 3367 Exuviasque
365 3300 454 3368 petet.
497 3292 610 3348 Facilis
627 3292 748 3366 jactura
764 3292 904 3367 sepulcri.

152 3387 222 3446 Jam
235 3387 349 3465 pridem
363 3388 475 3445 invisus
490 3387 575 3457 divis,
591 3397 620 3444 et
637 3387 757 3455 inutilis,
775 3406 870 3443 annos

154 3479 315 3559 Demeter,
332 3500 368 3538 ex
384 3500 442 3555 quo
457 3498 503 3535 me
518 3477 617 3536 diviim
632 3478 725 3536 Pater
739 3486 829 3552 atque
844 3477 994 3536 hominum
1007 3497 1061 3537 rex

152 3572 300 3631 Fulminis
315 3573 427 3631 afflavit
442 3573 538 3629 ventis
552 3581 580 3629 et
597 3573 720 3649 contigit
736 3572 806 3648 igni.

185 3666 284 3741 Jalia
298 3667 451 3744 perstabat
466 3685 644 3737 memorans,
662 3666 798 3741 fixusque
813 3667 964 3724 manebat.
1085 3668 1144 3727 650

153 3760 220 3819 Nes
234 3760 337 3849 contqd
351 3760 437 3818 effusi
451 3760 602 3836 lacrymis,
619 3760 788 3836 conjuxque
804 3759 935 3832 Creiisa,

153 3855 375 3931 Ascaniusque,
392 3854 547 3930 omnisque
562 3854 676 3926 domtus,
693 3874 730 3912 ne
745 3864 862 3912 vertere
882 3874 985 3915 seeum

154 3947 276 4007 Cuncta
291 3957 384 4027 puter¹
400 3948 520 4025 satoque
536 3949 654 4026 urgenti
674 3949 846 4006 incumbere
861 3949 958 4007 vellet.

152 4043 305 4120 Abnegat,
323 4028 498 4120 inceptoque
514 4050 543 4099 et
558 4042 679 4100 sedibus
694 4043 786 4100 hoeret
807 4043 837 4100 in
852 4041 956 4102 isdem.

152 4134 274 4193 Rursus
288 4136 318 4193 in
332 4155 416 4193 arma
429 4136 519 4207 seror,
536 4146 720 4213 mortemque
734 4136 918 4194 miserrimus
931 4144 1010 4214 opto.
1083 4138 1142 4197 656

151 4229 183 4289 N
186 4249 234 4287 am
249 4230 327 4307 qued
342 4232 507 4303 eonsilium,
525 4240 576 4288 aut
592 4252 658 4308 quae
677 4232 739 4307 jum
754 4230 873 4288 fortuna
886 4231 1035 4290 dabatur?

151 4322 245 4382 Mene
260 4324 368 4382 efferre
383 4325 497 4401 pedem,
514 4325 642 4403 genitor,
659 4334 688 4383 te
708 4344 795 4402 posse
810 4325 916 4383 relicto

153 4415 290 4495 Sperdsti
307 4418 317 4473 i
339 4418 511 4494 tantumque
525 4418 610 4477 nefas
624 4420 719 4496 patrio
733 4418 842 4477 excidit
857 4438 909 4477 ore
924 4420 934 4476 Β

152 4510 187 4570 Si
200 4512 273 4570 nihil
287 4531 325 4570 ex
338 4512 423 4570 tantd
438 4513 560 4592 Superis
574 4515 672 4591 placet
686 4516 760 4571 urbe
775 4512 914 4590 relinqui,

150 4606 196 4667 Et
208 4608 293 4681 sedet
307 4608 371 4666 hoc·
380 4607 487 4680 animo,
503 4609 705 4687 perituraeque
719 4608 830 4667 addere
844 4608 945 4682 Trejae
1084 4606 1144 4665 660

436 4704 496 4758 11*
