2692 5122
509 787 682 836 muninus
702 787 771 834 nra.
785 790 817 836 x.
1099 793 1158 850 m

174 926 324 1004 Namque,
341 935 373 985 ut
386 927 424 986 ab
438 927 579 986 Evandro
593 927 701 986 castris
715 927 869 1006 ingressus
882 926 1021 985 Etruscis

174 1020 294 1099 Regem
307 1020 379 1092 adit,
395 1030 424 1078 et
437 1021 502 1099 regi
515 1029 659 1079 memorat
673 1040 840 1097 nomenque
858 1038 1013 1098 genusque
1026 1039 1035 1089 ;

175 1112 294 1182 Quidve
310 1122 399 1192 petat,
417 1114 522 1191 quidve
537 1115 600 1191 ipse
615 1115 701 1186 ferat,
716 1113 886 1172 Mezentius
899 1132 982 1171 arma
1103 1112 1159 1171 150

176 1207 252 1275 Quas
267 1208 324 1269 sibi
338 1209 487 1279 conciliet,
504 1208 692 1283 violentaque
707 1215 828 1284 pectora
842 1207 948 1278 Turni,

174 1300 291 1360 Edocet
309 1321 316 1370 ;
341 1301 478 1360 humanis
492 1321 561 1378 quas.
571 1302 609 1359 sit
624 1301 733 1359 fiducia
747 1302 836 1359 rebus

176 1393 323 1454 Admonet
337 1414 345 1464 3
369 1396 572 1471 immiscetque
588 1413 714 1472 preces:
737 1394 817 1453 baud
831 1394 863 1452 fit
877 1411 981 1464 mora;
1003 1392 1126 1452 Tarcho

175 1487 280 1567 Juugit
294 1508 376 1566 opes,
393 1489 548 1565 loedusque
563 1489 639 1548 serit.
681 1488 760 1547 Tum
778 1488 872 1546 libera
886 1487 938 1546 fati

177 1579 315 1642 Classem
329 1582 502 1641 conscendit
516 1582 609 1658 jussis
622 1602 698 1660 gens
711 1580 809 1658 Lydia
822 1579 932 1652 divium,
1066 1603 1067 1606 ¹
1105 1581 1159 1638 155

176 1673 308 1734 artemo
322 1676 480 1733 commissa
493 1676 571 1735 duci.
613 1676 729 1734 AEne'r'a
743 1675 848 1753 puppis

175 1760 276 1827 Prima
288 1778 380 1840 tenet,
396 1780 493 1827 rostro
507 1770 655 1847 Phrygios
669 1769 828 1845 subjuncta
841 1768 944 1827 leones
961 1785 969 1824 t

177 1859 312 1923 Imminet
327 1862 381 1920 Ida
394 1863 495 1940 super,
512 1863 644 1941 profugis
657 1862 827 1941 gratissima
843 1861 979 1920 Teucris.

176 1953 238 2015 Hic
252 1974 379 2034 magnus
393 1956 477 2013 sedet
490 1957 620 2027 AEneas,
636 1975 797 2031 secumque
813 1955 924 2013 volutat

175 2047 310 2109 Eventus
328 2050 399 2109 belli
413 2050 533 2107 varios:
555 2049 726 2125 Pallasque,
743 2049 861 2107 sinistro

176 2141 291 2201 Affixus
304 2142 401 2213 lateri,
413 2143 476 2218 jam
489 2143 594 2219 quaerit
612 2142 722 2213 sidera,
739 2161 842 2216 opacas

177 2233 281 2296 Noctis
296 2236 362 2308 iter,
374 2236 437 2311 jam
452 2257 517 2313 quae
533 2255 639 2313 passus
652 2233 795 2311 terraque
808 2234 953 2311 marique.

214 2331 340 2391 Pandite
354 2352 433 2392 nunc
447 2332 608 2403 Helicona,
624 2331 712 2402 Dee,
729 2339 895 2405 cantusque
911 2336 1050 2398 movete;

177 2425 254 2494 Quor
267 2446 372 2484 manus
387 2427 502 2485 interea
515 2425 625 2483 Tuscis
640 2424 848 2482 comitetur'ab
862 2423 922 2479 oris

176 2518 310 2591 AEnean,
327 2528 481 2595 armetque
495 2527 585 2588 rates,
602 2518 768 2595 pelagoque
784 2516 918 2574 vehatur.

180 2665 182 2671 ,
213 2612 364 2670 Massicus
379 2611 473 2671 oeratd
487 2611 625 2689 princeps
639 2619 721 2668 secat
737 2629 859 2685 oequora
873 2607 978 2685 Tigri:

178 2705 237 2764 Sub
253 2725 311 2782 quo
324 2706 404 2764 mille
418 2704 687 2780 manusjuveuum,
706 2703 754 2779 qui
769 2702 879 2761 moeuia
892 2699 992 2771 Clusi,

178 2797 295 2875 Quique
311 2801 415 2857 urbem
429 2796 543 2875 liqudre
559 2797 677 2866 Cosas;
702 2797 787 2874 queis
800 2796 871 2867 tela,
887 2794 1015 2873 sagittae,

177 2891 342 2969 corytique
357 2893 437 2950 leves
452 2892 582 2950 humeris
597 2899 626 2949 et
640 2890 737 2948 letifer
751 2909 849 2948 arcus.

176 2983 244 3044 llud
256 2995 359 3043 torvus
373 2986 456 3043 Abas
471 3004 478 3054 ;
502 2986 571 3043 huic
585 2994 677 3043 totum
692 2983 859 3062 insignibus
874 2981 963 3040 armis

176 3078 271 3156 Agme
296 3124 304 3149 ,
320 3087 349 3136 el
363 3087 467 3137 aurato
480 3079 615 3157 fulgebat
629 3078 765 3155 Apolline
780 3077 895 3155 puppis.
933 3108 936 3119 ·

177 3092 339 3229 Sexcebtos
356 3172 397 3229 illi
411 3172 534 3230 dederat
548 3171 711 3250 Populonia
726 3180 820 3230 mater

175 3242 325 3341 Exfirtos
339 3265 408 3322 belli
417 3265 563 3340 juvenes:
586 3274 632 3323 ast
647 3263 712 3322 Ilva
724 3272 876 3323 trecentos

177 3354 288 3428 Insula,
306 3358 488 3416 inexhaustis
503 3357 672 3435 Chalybum
687 3376 834 3435 generosa
849 3356 985 3415 metallis.

175 3449 307 3521 Tertius,
323 3450 372 3508 ille
387 3451 537 3509 bominum
551 3448 708 3527 divrimque
725 3450 870 3527 interpres
884 3448 1006 3525 Asylas,
1105 3449 1159 3507 175

177 3541 238 3602 Cui
251 3543 397 3619 pecudum
412 3544 505 3613 fibrae,
522 3543 591 3600 coeli
606 3542 654 3600 cui
668 3542 768 3600 sidera
781 3549 895 3618 parent,

175 3635 216 3694 Et
230 3636 339 3713 linguae
355 3637 519 3705 volucrum,
536 3643 565 3691 et
580 3634 707 3711 proesagi
722 3633 849 3691 fulminis
864 3634 961 3712 ignes,

161 3727 261 3786 'Mille
276 3729 351 3806 rapit
366 3729 475 3787 densos
489 3728 555 3787 acie
570 3736 658 3802 atque
673 3726 860 3784 horrentibus
874 3727 977 3786 hastis.
1085 3759 1087 3763 Α

176 3818 244 3878 Hos
259 3839 365 3897 parere
375 3822 481 3897 jubent
496 3821 618 3898 Alpheae
633 3820 671 3876 ab
685 3818 799 3896 origiue
812 3819 901 3890 Pisae,

176 3910 256 3973 Urbs
269 3914 401 3973 Etrusca
412 3915 486 3972 solo.
529 3913 670 3989 Sequitur
687 3912 903 3991 pulcherrimus
916 3914 1020 3986 Astur,

176 4005 273 4064 Astur
287 4026 364 4084 equo
378 4007 482 4078 fidens,
499 4015 528 4064 et
543 4005 773 4064 versicoloribus
787 4006 884 4065 armis.

176 4097 359 4157 Tercentum
373 4100 514 4176 adjiciunt
528 4102 625 4176 (mens
638 4098 772 4157 omnibus
786 4119 846 4157 uua
860 4098 1018 4178 sequendi)

178 4190 240 4260 Qui
254 4188 373 4251 Caerete
388 4193 484 4264 domo,
501 4193 551 4269 qui
566 4202 633 4251 sunl
647 4192 788 4250 Minionis
802 4193 831 4251 in
846 4194 932 4269 arvis,
997 4195 1000 4201 ’
1031 4180 1039 4191 l

175 4283 218 4343 Et
231 4285 324 4363 Pyrgi
340 4294 466 4357 veteres,
482 4286 725 4363 intempestaeque
740 4286 906 4355 Graviscae.

215 4378 245 4438 N
248 4399 285 4436 on
301 4399 358 4457 ego
371 4388 412 4451 te,
427 4378 573 4457 Ligurum
587 4379 692 4438 ductor
706 4379 863 4439 fortissime
878 4382 968 4453 bello,
1105 4382 1160 4441 185

176 4473 374 4546 Transierim,
392 4474 507 4552 Cinyra
522 4496 530 4546 3
554 4486 583 4535 et
599 4477 701 4554 paucis
716 4477 854 4535 comitate
869 4477 1006 4555 Cupauo,

178 4565 275 4644 Cujus
288 4569 411 4627 olorinae
425 4578 551 4646 surgunt
563 4568 601 4627 de
616 4570 726 4627 vertice
741 4588 846 4646 pennae
860 4589 868 4626 z
