2692 5122
513 774 689 825 muninus
709 776 779 825 als.
794 778 823 825 V.

173 918 231 998 Ipsi
244 923 378 976 transtra
392 925 510 988 norant,
528 917 712 994 flammisque
728 919 850 976 ambesa
864 925 1012 996 reponunt

172 1012 295 1072 Robora
309 1010 446 1090 navigiis,
464 1019 565 1089 aptant
580 1030 738 1087 remosque
752 1012 954 1089 rudentesque
969 1032 977 1083 ;

172 1107 281 1183 Exigui
296 1125 430 1177 numero,
447 1106 501 1164 sed
514 1106 594 1163 bello
608 1106 706 1164 vivida
720 1107 822 1166 virtus.

172 1196 292 1258 Interea
306 1199 427 1257 AEueas
442 1202 545 1257 urbem
559 1200 696 1277 designat
710 1208 821 1272 aratro,

173 1294 359 1369 sortitusque
373 1293 486 1364 domos,
503 1294 560 1351 hoc
575 1293 673 1364 Ilium,
690 1302 719 1351 et
733 1294 798 1352 haec
812 1296 880 1353 loca
893 1295 1016 1373 Trojam

172 1387 248 1447 Esse
265 1388 361 1463 jubet.
404 1386 524 1446 Gaudet
540 1406 633 1465 regno
646 1389 797 1463 Trojauus
810 1390 950 1461 Acestes,

173 1479 338 1556 Indicitque
354 1481 459 1553 sorum,
476 1489 505 1539 et
521 1483 653 1559 patribus
668 1483 718 1539 dat
736 1481 807 1556 jura
821 1483 944 1541 vocatis.

172 1574 248 1633 Tum
264 1576 362 1634 vicina
377 1575 466 1633 astris
480 1576 613 1652 Erycino
629 1577 657 1633 in
672 1577 784 1634 vertice
799 1576 887 1634 sedes

171 1666 328 1728 fundatur
340 1669 454 1728 Veneri
469 1670 583 1741 Idaliae,
599 1672 771 1746 tumuloque
786 1670 929 1728 sacerdos

172 1763 217 1821 Ac
231 1764 318 1821 lucus
332 1762 391 1820 late
405 1782 493 1821 sacer
507 1764 624 1821 additur
638 1764 800 1823 Anchiseo.

210 1856 339 1932 Jamque
354 1856 418 1915 dies
432 1858 552 1933 epulata
566 1877 670 1916 novem
686 1877 760 1936 gens
775 1858 880 1930 omnis,
897 1867 926 1916 et
941 1857 1001 1917 aris

172 1947 285 2009 Factus
298 1951 410 2008 bonos:
433 1950 542 2027 placidi
556 1960 725 2009 straverunt
739 1972 861 2029 aequora
875 1952 966 2024 venti,

173 2043 290 2104 Creber
304 2053 334 2101 et
348 2045 503 2122 adspirans
517 2065 621 2103 rursus
636 2055 723 2103 vocat
738 2047 849 2104 Auster
864 2046 892 2104 in
908 2046 1009 2104 altum.

171 2136 316 2198 Exoritur
330 2160 477 2218 procurva
492 2142 597 2219 ingens
611 2161 665 2219 per
679 2143 777 2199 littora
792 2141 880 2199 fletus
894 2160 901 2210 ;

174 2231 330 2311 Complexi
345 2234 422 2292 iuter
435 2253 467 2292 se
482 2245 659 2310 noctemque
674 2234 810 2310 diemque
825 2243 987 2293 morantur.

174 2326 249 2405 lpsae
265 2329 330 2403 jam
343 2337 464 2401 matres,
481 2329 547 2406 ipsi,
565 2330 672 2404 quibus
687 2347 793 2405 aspera
808 2328 957 2404 quondam

173 2420 247 2481 Visa
262 2424 352 2480 maris
365 2423 470 2492 facies,
487 2431 516 2479 et
531 2442 588 2479 nou
602 2422 757 2478 tolerabile
773 2441 889 2491 nomen,

174 2514 221 2576 Ire
235 2518 348 2589 volunt,
364 2536 541 2591 omnemque
557 2516 635 2593 sugae
652 2516 784 2592 perferre
799 2517 941 2574 laborem.

175 2609 258 2679 Quos
272 2613 368 2669 bonus
383 2611 503 2669 AEneas
518 2610 604 2667 dictis
619 2609 732 2667 solatur
749 2609 862 2680 amicis,

174 2704 211 2763 Et
225 2706 450 2782 consanguineo
465 2705 634 2780 lacrymans
648 2703 834 2761 commendat
848 2705 978 2761 Acestae.

174 2798 250 2857 Tres
263 2798 359 2875 Eryci
374 2799 490 2869 vitulos,
508 2807 537 2856 et
551 2798 794 2875 Tempestatibus
810 2815 928 2875 agnam,

175 2893 301 2954 Cmdcre
317 2892 423 2950 deinde
441 2893 537 2968 jubet,
553 2892 688 2968 solvique
703 2912 740 2948 ex
755 2892 858 2949 ordine
874 2891 983 2949 sunem.

175 2984 252 3065 lpse,
269 2995 360 3064 caput
373 2997 467 3045 tonsae
482 2986 558 3044 soliis
572 2987 708 3043 evinctus
723 2986 819 3058 oliva,

175 3080 261 3139 Stans
276 3083 380 3159 procul
395 3083 424 3139 iu
439 3082 537 3158 proris,
553 3091 685 3158 pateram
701 3090 792 3152 tenet,
810 3090 938 3157 extaque
951 3079 1048 3139 salsos

174 3173 299 3233 Porricit
315 3176 344 3233 in
360 3176 477 3245 fluctus,
494 3196 529 3233 ac
546 3177 614 3233 vina
628 3176 772 3251 liquentia
786 3175 890 3233 tirndit.

174 3266 369 3344 Prosequitur
383 3289 509 3347 surgens
525 3290 543 3326 a
557 3271 646 3347 puppi
661 3280 766 3326 ventus
781 3280 907 3326 euntes:

176 3359 319 3420 Certatim
335 3363 407 3420 socii
423 3363 530 3420 feriunt
546 3383 638 3431 marc,
655 3371 684 3419 et
699 3382 821 3437 aequora
836 3368 967 3419 verrunt.

211 3456 252 3513 At
266 3456 372 3512 Venus
388 3457 502 3513 interea
518 3455 699 3531 Neptunum,
716 3455 848 3510 exercita
863 3453 954 3524 curis,

176 3550 354 3627 Alloquitur,
371 3553 507 3627 talesque
523 3550 644 3607 effundit
666 3558 785 3626 pectore
801 3557 944 3624 questus:

175 3643 301 3702 Junonis
315 3646 416 3723 gravis
430 3647 484 3715 ira,
502 3664 557 3702 nec
573 3644 773 3701 exsaturabile
789 3653 903 3719 pectus,

178 3735 297 3815 Cogunt
312 3758 370 3810 me,
387 3739 538 3816 Neptune,
556 3757 661 3816 preces
676 3738 859 3795 descendere
876 3737 909 3794 in·
919 3757 1041 3797 omnes:

178 3829 274 3898 Quam
290 3852 346 3890 uec
361 3833 451 3910 longa
465 3833 538 3903 dies,
556 3833 650 3909 pietas
665 3852 720 3890 nec
736 3833 850 3910 mitigat
865 3833 927 3890 ulla
940 3852 948 3901 ;

176 3923 241 3983 Nec
255 3925 341 3983 Jovis
356 3926 478 4002 imperio
494 3926 598 3984 fatisve
613 3927 740 3989 infracta
755 3927 890 4002 quiescit.

176 4015 242 4077 lion
256 4017 356 4077 mediis
370 4018 406 4077 de
422 4029 510 4097 gente
524 4021 679 4098 Phrygum
693 4021 829 4077 exedisse
845 4019 979 4078 nefandis

176 4108 286 4170 Urbem
301 4113 376 4170 odiis
391 4114 464 4171 satis
478 4123 534 4185 est,
551 4135 607 4172 nec
623 4134 741 4192 poenam
754 4123 837 4170 traxe
853 4133 1037 4190 peromnem

176 4202 332 4282 Reliquias
346 4226 353 4276 ;
376 4204 476 4283 Trojae
491 4208 608 4266 cineres
623 4218 712 4282 atque
727 4227 796 4265 ossa
817 4217 976 4286 peremptae

177 4294 355 4375 Insequitur.
401 4299 519 4359 Causas
533 4303 605 4359 tanti
622 4303 697 4360 sciat
713 4303 762 4360 illa
778 4302 894 4362 suroris.

177 4388 242 4471 lpse
258 4395 329 4451 mihi
344 4414 438 4471 nuper
452 4394 576 4472 Libycis
590 4405 620 4453 tu
636 4397 720 4453 testis
736 4397 764 4453 in
780 4397 865 4454 undis

178 4480 273 4557 Quam
290 4489 396 4545 molem
411 4489 507 4546 subitb
520 4491 643 4547 excierit
658 4510 664 4545 :
688 4491 782 4548 maria
796 4491 894 4548 omnia
908 4491 987 4550 coelo

178 4574 309 4654 Miscuit,
324 4581 438 4641 AEoliis
452 4585 653 4660 nequidquam
668 4584 744 4642 lreta
758 4585 907 4662 procellis,

457 4681 517 4735 16*
627 4672 635 4681 ’
864 4694 888 4734 1
