2692 5122
525 851 701 898 AErtmnos
721 850 791 898 LIB.
807 852 827 898 1.

182 990 245 1051 Hic
260 999 362 1070 portus
376 990 427 1050 alii
440 989 584 1050 effodiunt
598 1010 606 1063 ;
630 990 680 1050 hic
698 992 758 1049 alta
770 991 896 1050 theatris

182 1085 391 1144 Fundamenta
404 1085 505 1144 locant
519 1086 569 1144 alii
583 1105 590 1154 3
615 1086 818 1161 immanesque
832 1086 986 1144 columnas

182 1180 321 1257 Rupibus
335 1178 486 1251 excidunt,
503 1180 602 1238 scenis
616 1179 726 1238 decora
742 1181 802 1237 alta
817 1179 932 1239 suturis.

183 1274 289 1342 Qualis
304 1292 376 1352 apes
391 1281 496 1332 aestate
510 1272 589 1332 nord
601 1293 654 1351 per
668 1273 761 1332 florea
775 1293 846 1332 rura
1114 1276 1174 1335 4³⁰

180 1367 314 1427 Exercet
328 1368 384 1426 sub
398 1367 462 1425 sole
477 1368 572 1440 labor,
589 1388 680 1444 quum
694 1369 792 1446 gentis
807 1368 924 1426 addltos

180 1461 323 1521 Educunt
337 1462 448 1532 soetus3
472 1471 523 1520 aut
539 1482 629 1539 quum
643 1463 787 1539 liquentia
799 1463 889 1520 mella

183 1556 308 1634 Stipant,
325 1566 354 1615 et
368 1556 448 1614 dulci
462 1557 631 1615 distendunt
646 1566 770 1614 nectare
785 1557 898 1626 cellas;

180 1649 243 1707 Ant
257 1669 350 1708 onera
368 1650 519 1726 accipiunt
534 1648 702 1708 venientium
717 1669 725 1720 ;
749 1660 811 1721 aut,
828 1649 947 1728 agmine
960 1649 1050 1722 sacto,

182 1741 339 1821 Ignavum,
355 1742 451 1813 sucos,
470 1763 562 1820 pecus
577 1762 595 1800 a
610 1744 794 1821 praesepibus
808 1753 932 1801 arcent:
1114 1742 1173 1801 aad

182 1834 293 1894 Fervet
308 1855 393 1914 opus,
409 1837 605 1912 redolentque
619 1838 720 1913 thymo
734 1837 900 1914 fragrantia
915 1837 1027 1947 mellab

182 1928 210 1988 0
224 1929 376 2001 fortunati,
394 1950 516 2007 quorum
534 1930 597 2006 jam
611 1931 720 1989 moenia
735 1941 860 2009 surgunt
875 1934 882 1989 l

181 2022 301 2081 AEneas
316 2025 356 2081 ait
371 2042 378 2092 ;
403 2032 432 2082 et
448 2024 568 2102 fastigia
581 2025 704 2102 suspicit
719 2026 809 2085 urbis.

182 2114 275 2175 Infert
289 2136 321 2174 se
337 2129 438 2194 septus
452 2116 574 2190 nebulai,
591 2119 741 2196 (mirabile
755 2119 836 2179 dictu
852 2120 875 2196 i)

181 2208 243 2269 Per
255 2210 379 2282 medios,
395 2211 559 2288 miscetque
573 2212 667 2281 viris;
692 2232 789 2289 neque
804 2214 938 2272 cernitur
952 2212 1013 2273 ulli.
1114 2213 1174 2272 440

220 2302 326 2362 Lucus
339 2304 369 2362 in
383 2307 457 2363 urbe
472 2305 525 2363 suit
540 2304 649 2377 medii,
667 2307 836 2365 laetissimus
850 2309 975 2377 umbrae,

184 2396 253 2465 Quo
269 2398 404 2474 primirm‚
424 2398 530 2474 jactati
546 2399 632 2456 undis
646 2407 675 2456 et
689 2401 818 2470 turbine,
835 2400 923 2458 Poeni

182 2489 324 2551 Effoddre
339 2493 407 2550 loco
420 2493 549 2570 signum,
566 2492 644 2568 quod
659 2493 745 2570 regia
758 2493 838 2550 Juno

183 2584 378 2657 Monstrairat,
396 2597 486 2663 caput
501 2587 578 2645 acris
593 2587 663 2662 equi
678 2605 685 2654 ;
710 2587 754 2644 sic
768 2607 835 2644 nam
851 2586 913 2644 sore
928 2587 1007 2645 bello

182 2678 348 2758 Egregiam
362 2688 392 2738 et
407 2679 526 2738 facilem
541 2681 619 2737 victu
636 2700 689 2757 per
703 2681 814 2738 saecula
830 2690 971 2782 gentem}

183 2772 246 2832 Hic
260 2774 401 2852 templum
413 2774 526 2832 Junoni
540 2774 646 2854 ingens
661 2774 783 2831 Sidonia
796 2775 876 2832 Dido
919 2756 951 2817 ··-t

184 2865 353 2937 Condebat,
368 2866 452 2924 donis
472 2867 642 2943 opulentum
657 2876 687 2926 et
701 2869 821 2926 numine
836 2869 912 2927 divm
926 2887 934 2938 3

183 2959 284 3019 AErea
297 2960 346 3019 cui
361 2961 504 3038 gradibus
518 2963 682 3039 surgebant
696 2963 807 3031 limina,
824 2982 969 3039 nexaeque

182 3053 262 3112 AEre
276 3053 388 3126 trabea,
405 3055 517 3113 foribus
531 3055 624 3113 cardo
637 3055 782 3113 stridebat
797 3056 911 3116 ahenis.

183 3146 255 3206 Hoc
269 3136 393 3226 primum
407 3149 437 3206 in
451 3149 519 3207 luco
533 3168 611 3207 nova
624 3169 673 3207 res
687 3150 788 3207 oblata
803 3150 939 3208 timorem
1115 3150 1180 3208 460

182 3241 284 3300 Leniit
299 3261 306 3299 :
328 3242 379 3300 hic
394 3243 519 3319 primum
534 3241 649 3301 AEneas
664 3263 785 3321 sperare
801 3245 929 3302 sulutem

91 3338 94 3343 ’
183 3337 296 3407 Ausus,
313 3345 342 3394 et
357 3336 476 3395 afflictis
490 3337 596 3394 melius
611 3336 761 3394 confidere
776 3338 896 3424 rebus7

183 3429 334 3506 Namque,
351 3431 406 3488 sub
421 3430 535 3507 ingenti
549 3430 655 3486 lustrat
669 3430 737 3486 dum
753 3429 871 3504 singula
884 3428 1005 3505 templo,

184 3523 335 3600 Reginam
349 3523 519 3601 opperiens,
534 3522 614 3592 dum,
631 3542 697 3598 quae
713 3522 830 3578 fortuna
849 3522 886 3579 eit
901 3521 977 3592 urbi,

184 3617 401 3694 Artificumque
416 3635 521 3673 manus
536 3616 613 3673 inter
626 3635 669 3685 se,
686 3634 868 3693 operumque
884 3615 1018 3673 laborem
1116 3616 1176 3676 4⁵5

184 3709 324 3782 Miratur,
341 3710 420 3768 videt
436 3710 545 3767 Iliacas
560 3729 596 3766 ex
611 3709 714 3767 ordine
730 3728 856 3786 pugnas,

184 3805 330 3882 Bellaque
348 3806 409 3882 jam
425 3804 504 3863 samri
517 3813 611 3863 totum
627 3807 748 3884 vulgata
763 3797 817 3881 per
830 3807 953 3874 orbom3

184 3900 317 3971 Atridas,
334 3900 557 3977 Priamumque,
573 3909 603 3958 et
617 3920 729 3959 saevum
748 3901 893 3958 ambobus
907 3900 1065 3959 Achillem.

186 3993 327 4054 Constitit
341 4013 349 4063 ;
373 4002 402 4051 et
416 3994 597 4071 lacrymans,
614 3994 692 4062 Quia
710 3994 772 4070 jnm
786 3995 882 4066 locus,
897 3995 1003 4070 inquit,
1019 3993 1149 4066 Achate,

186 4088 264 4157 Qum
278 4091 363 4169 regio
377 4091 408 4148 in
421 4092 511 4149 terris
525 4092 618 4148 nostri
633 4111 691 4148 non
707 4091 794 4169 plena
808 4091 918 4147 laboris
933 4091 943 4145 ?
958 4122 971 4146 0
1117 4093 1186 4150 460·

184 4183 234 4242 En
247 4184 407 4243 Priamus!
449 4187 524 4243 Sunt
539 4183 587 4243 hic
603 4186 692 4243 etiam
706 4204 762 4242 sua
777 4157 1004 4261 praemraidiidi,

186 4279 261 4338 Sunt
275 4280 416 4357 lacrymae
431 4299 541 4351 rerum,
559 4288 588 4337 et
602 4290 730 4338 mentem
745 4282 882 4338 mortalia
894 4287 1029 4360 tangunt.

186 4374 275 4433 Solve
289 4384 387 4433 metus
401 4395 409 4446 ;
432 4375 507 4434 seret
522 4377 587 4434 haec
601 4376 731 4453 aliquam
745 4378 797 4436 tibi
811 4377 891 4435 fama
904 4378 1040 4439 salutem.
1081 4398 1084 4403 ·

187 4468 237 4529 Sic
251 4471 303 4542 ait,
320 4480 410 4549 atque
426 4473 555 4530 animum
570 4471 688 4550 picturi
702 4473 796 4550 pascit
812 4473 903 4543 inani,

185 4559 285 4623 Multa
298 4584 433 4643 gemens,
449 4566 594 4645 largoque
615 4567 767 4624 humectat
781 4566 900 4624 flumine
915 4566 1056 4665 vultumq
1118 4562 1178 4622 465

187 4654 329 4736 Namque
342 4658 473 4731 ridebat,
491 4659 534 4717 uti
548 4660 695 4719 bellantes
709 4658 859 4738 Pergama
873 4658 1004 4717 circum·

466 4756 511 4813 9⁸

1115 2682 1175 2741 445
