2692 5122
183 419 244 477 294
474 413 500 459 P.
515 412 684 460 VlRGlLll
709 413 884 462 Manatum

527 818 836 905 AENEI'DOS

543 1038 706 1097 LIBER
733 1037 797 1097 Xl.

558 1246 790 1257 ——n

180 1393 339 1453 Ocusuuns
354 1395 469 1453 interea
483 1415 612 1473 surgens
626 1397 746 1454 Aurora
760 1393 889 1470 reliquit.

179 1489 309 1560 AEneas‚
328 1510 498 1565 quanquam
512 1499 541 1547 et
557 1490 646 1547 sociis
660 1490 732 1553 dare
747 1498 863 1567 tempus
882 1486 1040 1546 humandis

179 1582 370 1660 Praecipitant
385 1603 477 1654 curae,
493 1585 673 1658 turbataque
689 1583 792 1640 sunere
807 1601 891 1640 mens
905 1589 962 1653 est,

178 1675 258 1733 Vota
270 1674 358 1732 defun
372 1677 465 1752 primo
481 1677 575 1734 victor
589 1677 723 1733 solvebat
738 1675 814 1734 Eoo.

179 1768 334 1847 Ingentem
351 1789 503 1847 quercum,
521 1769 630 1828 decisis
644 1770 774 1846 undique
789 1770 890 1840 ramis,

179 1862 341 1923 Constituit
355 1865 478 1934 tumulo,
494 1864 699 1941 fulgentiaque
715 1863 807 1920 induit
824 1882 907 1920 arma

177 1955 312 2015 Mezenti
325 1957 410 2014 ducis
424 1958 548 2015 exuvias
562 1977 569 2026 ;
586 1957 649 2027 tibi,
666 1977 785 2035 magne,
801 1965 956 2034 tropaeum,

177 2050 379 2127 Bellipotens:
404 2061 485 2128 aptat
499 2060 636 2109 rorantes
649 2051 796 2128 sunguine
811 2051 927 2121 cristas,

177 2144 313 2220 Telaque
328 2153 435 2202 trunca
449 2145 515 2216 viri,
532 2153 560 2202 et
576 2145 621 2201 bis
635 2164 688 2201 scu
702 2145 826 2202 thoraca
839 2144 961 2220 petitum

177 2237 409 2314 Perfossumqua
424 2239 520 2306 locis;
545 2239 741 2314 clypeumque
757 2257 793 2295 ex
808 2255 867 2295 aere
881 2236 1010 2294 sinistrae
1135 2237 1173 2295 10

178 2332 324 2409 Subligat‚
342 2340 432 2407 atque
447 2351 548 2388 ensem
564 2332 640 2388 collo
655 2330 807 2408 suspendit
822 2332 976 2387 eburnam.

177 2424 256 2482 Tum
270 2426 378 2496 socios,
394 2444 522 2499 namque
538 2425 632 2481 omnis
646 2444 714 2482 eum
729 2424 837 2500 stipata
855 2424 976 2501 tegebat

177 2517 281 2575 Turba
296 2518 414 2588 ducum,
433 2518 477 2575 sic
492 2517 636 2594 incipiens
651 2518 785 2574 hortatur
798 2525 922 2575 ovantes
937 2535 945 2572 t

216 2609 350 2667 Maxima
364 2630 413 2667 res
428 2611 546 2681 effecta,
564 2610 618 2667 viri
634 2631 641 2666 ε
663 2612 751 2667 timor
765 2611 858 2668 omnis
874 2612 987 2681 abesto,

178 2702 266 2770 Quod
282 2712 428 2780 superest.
471 2703 549 2761 Haec
565 2711 632 2760 sunt
647 2705 751 2781 spolia,
768 2712 797 2760 et
812 2704 848 2761 de
861 2722 933 2782 rege
948 2705 1079 2782 superbo
1135 2705 1170 2762 15

177 2797 319 2856 Primitiae
336 2817 344 2867 ;
368 2797 563 2873 manibusque
577 2798 652 2854 meis
668 2797 838 2854 Mezentius
851 2797 900 2855 hic
914 2805 970 2856 est.

177 2893 207 2951 N
210 2913 267 2950 unc
281 2893 338 2950 iter
352 2892 389 2949 ad
404 2912 507 2969 regem
521 2892 606 2950 nobis
620 2910 780 2967 murosque
794 2891 928 2950 Latinos.

177 2987 270 3044 Arma
285 2994 400 3063 parate,
416 2987 521 3044 animis
535 2994 565 3043 et
579 3006 632 3062 spo
647 2985 815 3062 praesumite
834 2985 966 3055 bellum3

177 3081 206 3138 N
209 3101 225 3137 e
241 3100 299 3156 qua
315 3099 398 3137 mora
412 3081 544 3158 ignaros,
562 3080 610 3137 ubi
625 3078 749 3156 primum
764 3079 875 3135 vellere
890 3079 976 3156 signa

177 3175 344 3232 Annuerint
360 3175 476 3251 Superi,
496 3176 662 3251 pubemque
678 3173 807 3230 educere
829 3173 948 3245 castris,
1129 3176 1170 3232 90

178 3266 332 3344 Impediat,
350 3268 488 3344 segnisve
503 3276 582 3325 metu
597 3267 745 3325 sententia
759 3267 865 3324 tardet.

177 3360 297 3418 Interea
310 3361 408 3417 socios
423 3360 634 3437 inhumataque
649 3380 776 3437 corpora
789 3368 877 3418 terrra

176 3451 355 3511 Mandemus
370 3473 376 3522 ;
403 3453 453 3528 qui
467 3454 548 3510 solus
562 3455 656 3511 honos
670 3455 842 3511 Acheronte
858 3455 913 3511 sub
929 3452 987 3512 imo
1002 3460 1058 3513 est.
1116 3500 1123 3515 ,

112 3604 116 3613 ,
176 3547 233 3618 Ite,
251 3549 301 3618 ait,
319 3547 459 3624 egregias
474 3547 599 3618 animas,
617 3568 682 3624 quae
697 3548 844 3625 sanguine
861 3547 946 3604 nobis

175 3640 267 3698 Hanc
282 3641 406 3717 patriam
423 3638 567 3717 peperdrc
583 3661 647 3712 suo,
665 3642 805 3698 decorate
820 3640 966 3717 supremis
1127 3641 1167 3698 25

175 3734 353 3791 Muneribus
367 3755 374 3804 ;
399 3743 595 3812 moestamquc
610 3735 741 3793 Evandri
757 3735 869 3811 primus
883 3736 920 3792 ad
935 3736 1041 3792 urbem

175 3826 312 3884 Mittatur
326 3828 437 3898 Pallas,
455 3849 542 3905 quem
556 3848 615 3885 non
631 3828 747 3885 virtutis
761 3838 900 3905 egentem

175 3922 305 3978 Abstulit
321 3923 473 3993 inradies,
491 3932 520 3980 et
536 3923 637 3980 sunere
653 3922 754 3980 mersit
770 3923 888 3980 acerbo.

216 4014 266 4072 Sic
281 4017 321 4073 ait
336 4017 537 4093 illacrymans,
555 4016 719 4092 recipitque
734 4015 771 4071 ad
787 4015 887 4072 limina
901 4034 1039 4092 gressum
1055 4035 1062 4085 ;

177 4106 295 4186 Corpus
310 4112 359 4168 ubi
374 4111 501 4169 exanimi
517 4111 642 4186 positum
656 4109 801 4167 Pallantis
816 4108 942 4167 Acoetes
1127 4108 1165 4167 80

177 4202 320 4264 Servabat
335 4206 444 4276 senior,
462 4204 512 4280 qui
526 4203 686 4262 Parrhasio
705 4201 846 4260 Evandro
