2692 5122
501 789 677 841 AENEIDOS
697 792 768 841 Lm.
784 793 829 840 Vh

175 932 233 992 His
245 929 381 991 membre
394 930 479 989 malis
493 949 501 1000 ;
524 931 576 989 illa
589 933 655 990 haec
669 939 859 990 monumenta
873 931 1002 1009 reliquit.

175 1027 324 1102 Namque,
341 1033 373 1082 ut
387 1042 554 1101 supremam
568 1025 642 1083 salsa
656 1027 733 1084 inter
746 1026 858 1104 gaudia
876 1034 995 1084 noctem

175 1120 347 1199 Egerimus,
363 1117 440 1176 nisti
453 1137 462 1187 ;
487 1126 516 1175 et
529 1119 650 1176 nimium
664 1120 832 1177 meminisse
846 1138 973 1178 necesse
987 1125 1043 1179 est.

176 1211 276 1280 Quum
291 1211 390 1269 fatalis
403 1231 499 1287 equus
513 1212 591 1269 saltu
603 1232 694 1290 super
708 1213 803 1270 ardua
816 1214 897 1272 venit
1102 1215 1162 1273 515

174 1306 335 1384 Pergama,
352 1313 381 1362 et
396 1312 541 1363 armatum
555 1305 682 1383 peditem
696 1307 798 1384 gravis
813 1308 910 1365 attulit
927 1307 994 1366 alvo
1008 1327 1017 1379 ;

175 1398 239 1471 1111,
256 1399 381 1457 chorum
395 1399 547 1470 simulans,
563 1409 685 1457 evantes
698 1401 783 1478 orgia
796 1401 910 1460 circum

174 1493 315 1552 Ducebat
329 1493 497 1571 Phrygias;
522 1494 668 1552 flammam
681 1495 780 1552 media
795 1496 860 1572 ipsa
873 1498 994 1556 tenebat

176 1587 342 1667 Ingentem,
359 1595 388 1645 et
403 1586 519 1646 summa
531 1587 656 1645 Danaos
670 1607 708 1645 ex
722 1608 793 1646 arce
807 1592 944 1650 vocabat.

174 1681 252 1740 Tum
266 1700 324 1752 me,
340 1680 510 1738 consectum
523 1681 603 1738 curis
618 1701 780 1758 somnoque
796 1691 963 1760 gravatum,
1104 1683 1163 1741 520

176 1775 281 1835 Infelix
295 1775 397 1832 habuit
411 1775 560 1832 thalamus
574 1793 581 1843 ;
605 1776 771 1852 pressitque
789 1777 941 1852 jacentem

175 1870 283 1930 Dulcis
297 1878 327 1928 et
342 1871 401 1928 alta
415 1870 510 1946 quies,
529 1870 712 1947 placidaeque
727 1872 875 1930 simillima
888 1872 984 1932 morti.

175 1965 311 2044 Egregia
325 1965 440 2023 interea
455 1964 563 2040 conjux
578 1983 661 2021 arma
675 1965 774 2022 omnia
787 1966 875 2024 tectis

175 2058 313 2129 Emovet,
330 2064 359 2115 et
373 2057 462 2114 fidum
477 2057 568 2134 capiti
581 2057 763 2116 subduxerat
777 2078 888 2119 ensem.

177 2152 258 2212 Intra
271 2160 354 2210 tecta
368 2160 455 2208 vocat
468 2150 652 2222 Menelaum,
669 2160 698 2208 et
711 2152 813 2210 limina
828 2153 948 2230 pandit3
1102 2154 1163 2212 626

177 2247 297 2306 Scilicet
311 2245 341 2303 id
355 2263 495 2322 magnum
509 2263 632 2321 sperans
647 2244 709 2301 sore
723 2264 831 2303 munus
845 2246 966 2317 amanti,

176 2341 216 2402 Et
230 2341 339 2400 famam
353 2339 486 2416 extingui
500 2346 633 2396 veterum
648 2339 691 2396 sic
707 2359 793 2415 posse
810 2340 963 2399 malorum.

178 2434 257 2503 Quid
271 2453 371 2492 moror
387 2432 397 2488 1
419 2432 584 2508 irrumpunt
597 2431 728 2489 thalamo
742 2450 749 2500 ;
775 2451 876 2489 comes
890 2432 1007 2491 additus
1024 2430 1086 2492 und

177 2528 324 2589 Hortatur
337 2525 487 2584 scelerum
500 2523 650 2582 AEolides.
691 2523 744 2595 Di,
762 2525 834 2582 talia
848 2524 949 2583 Graiis

177 2621 358 2691 instaurate,
376 2620 423 2697 pio
438 2619 463 2676 si
478 2637 581 2695 poenas
595 2636 647 2674 ore
662 2637 798 2694 reposco.
1106 2619 1165 2677 530

149 2782 152 2793 Ι
179 2716 237 2775 Sed
251 2724 281 2773 te
297 2714 347 2791 qui
362 2713 460 2770 vivum
474 2730 573 2782 casus,
593 2730 661 2788 age,
679 2711 741 2768 sare
757 2712 898 2784 vicissim,

179 2809 351 2869 Attulerint.
393 2806 539 2883 Pelagine
553 2804 638 2862 venis
653 2806 805 2863 erroribus
819 2815 913 2878 actus,

179 2903 229 2962 An
242 2902 354 2961 monitu
368 2897 467 2958 divtim
481 2899 490 2953 1
514 2919 552 2957 an
567 2918 633 2974 quse
647 2907 677 2956 te
692 2899 810 2957 fortuna
824 2900 941 2978 fatigat,

180 2996 218 3056 Ut
231 2996 325 3054 tristis
339 2994 403 3052 sine
418 2993 480 3050 sole
495 2993 607 3064 domos,
624 2993 690 3050 loca
704 2994 833 3065 turbida,
851 2995 975 3054 adires?

216 3089 290 3148 Hac
305 3089 371 3146 vice
386 3106 552 3144 sermonum
567 3087 662 3144 roseis
674 3089 794 3145 Aurora
809 3089 962 3167 quadrigis

180 3183 247 3243 Jam
262 3182 391 3241 medium
405 3180 526 3238 aetherio
540 3199 630 3237 cursu
644 3180 806 3256 trajecerat
828 3201 913 3239 axem
929 3202 936 3251 ;

180 3277 219 3336 Et
233 3276 294 3335 fors
309 3293 395 3332 omne
410 3273 508 3330 datum
522 3273 675 3330 traherent
691 3293 743 3349 per
757 3274 828 3331 11111
842 3283 979 3351 tempus:

183 3370 240 3429 Sed
255 3387 355 3428 comes
370 3365 530 3436 admonuit,
546 3366 736 3442 breviterque
752 3367 842 3423 affata
857 3367 971 3443 Sibylla
984 3375 1052 3427 eat:

181 3464 248 3524 Nox
262 3462 332 3532 ruit,
348 3461 452 3520 AEnea
467 3480 474 3529 ;
498 3478 552 3515 nos
567 3458 664 3515 flendo
679 3457 815 3515 ducimus
829 3459 928 3517 boras.

180 3555 243 3616 Hic
256 3556 341 3613 locus
356 3563 412 3624 est,
429 3561 530 3630 partes
544 3551 595 3609 ubi
608 3570 640 3608 se
655 3551 704 3607 via
719 3551 801 3607 findit
820 3552 849 3608 in
865 3555 989 3612 ambas:

181 3649 327 3718 Dextera,
344 3667 410 3724 quae
424 3645 505 3702 Ditis
519 3644 618 3721 magni
634 3645 688 3701 sub
704 3644 814 3701 moenia
827 3645 920 3704 tendit
934 3665 942 3716 ;
1005 3637 1011 3648 ¹

183 3741 252 3801 Hae
267 3743 324 3800 iter
337 3741 473 3817 Elysium
488 3738 573 3795 nobis
587 3757 593 3794 :
616 3746 646 3794 11
660 3738 736 3794 laeva
750 3738 895 3798 malorum

183 3835 313 3894 Exercet
328 3853 442 3912 peenas,
459 3845 488 3890 et
503 3833 540 3889 ad
555 3833 643 3909 impia
657 3832 786 3889 Tartara
805 3834 900 3892 mittit.

183 3929 358 4007 Deiphobus
373 3927 496 3986 contra:
518 3927 566 3984 Ne
581 3926 664 3996 saevi,
680 3945 789 4003 magna
803 3927 966 3998 sacerdos3

182 4020 356 4092 Discedam,
372 4021 496 4097 explebo
510 4038 675 4090 numerum,
691 4019 860 4095 reddarque
876 4023 1015 4083 tenebris.

184 4115 315 4186 Idecus,
331 4116 351 4186 i,
368 4123 520 4183 nostrum;
544 4113 715 4171 melioribus
731 4123 814 4171 utere
831 4114 906 4174 satis.

184 4207 311 4267 Tantum
327 4209 444 4279 effatus,
461 4219 489 4264 et
505 4208 533 4264 in
549 4208 639 4264 verbo
654 4207 779 4284 vestigia
792 4209 887 4266 torsit.

221 4302 359 4379 Respicit
373 4301 492 4358 AEneas
506 4298 615 4368 subitd,
631 4308 661 4356 et
675 4301 730 4356 sub
745 4320 819 4377 rupe
834 4302 956 4361 sinistris

183 4394 298 4455 Maenia
311 4395 372 4452 lata
386 4393 474 4464 videt,
490 4392 598 4470 triplici
613 4393 796 4450 circumdata
811 4414 895 4453 muro
909 4416 916 4464 ;

184 4487 261 4554 Quae
275 4487 398 4564 rapidus
413 4486 536 4543 flammis
551 4485 639 4542 ambit
654 4487 834 4543 torrentibus
849 4489 943 4546 amnis

184 4580 349 4640 Tartareus
361 4579 558 4656 Phlegethon,
573 4586 751 4653 torquetque
766 4581 903 4639 sonantia
915 4600 997 4642 saxa.
