2692 5122
488 778 713 829 GSORGICON
733 780 803 828 ma.
820 781 872 828 111.

182 917 283 988 Qudm
296 918 398 979 multas
412 918 560 998 pecudum
575 930 696 998 pestes:
719 940 777 981 nec
791 920 910 999 singula
923 920 1019 978 morbi

182 1014 320 1093 Corpora
334 1015 507 1092 corripiunt,
524 1016 578 1074 sed
592 1026 655 1075 tota
668 1017 772 1075 aestiva
786 1015 920 1094 repente,

183 1109 331 1186 Spemque
343 1107 529 1188 gregemque
540 1111 638 1182 simul,
652 1120 851 1187 cunctamque
863 1110 901 1168 ab
913 1108 1029 1187 origine
1040 1115 1171 1186 gentem.

183 1201 259 1262 Tum
272 1203 361 1276 sciat,
377 1204 475 1263 adrias
488 1205 583 1282 Alpes
596 1213 626 1262 et
640 1205 755 1263 Norica
769 1205 794 1262 si
809 1205 876 1281 quis

183 1295 319 1358 Castella
332 1298 363 1355 in
377 1298 508 1369 tumulis,
524 1307 554 1356 et
570 1296 691 1375 lapydis
704 1318 779 1357 arva
792 1297 921 1368 Timavi,
1114 1298 1174 1356 4⁷5

180 1391 270 1451 Nunc
285 1410 405 1468 quoque
420 1390 486 1469 pdst
500 1400 583 1450 tanto
598 1392 707 1464 videat,
724 1393 904 1468 desertaque
917 1409 1015 1470 regna

179 1485 347 1557 Pastorum,
364 1494 393 1542 et
408 1485 496 1564 longe
511 1486 606 1545 saltus
621 1486 742 1563 lateque
758 1494 909 1545 vacantes.

218 1579 281 1639 Hic
297 1579 447 1657 quondam
461 1584 563 1640 morbo
578 1582 649 1640 ooeli
667 1582 837 1640 miseranda
851 1590 956 1641 coorta
969 1589 1015 1640 est

179 1674 367 1752 Tempestas,
384 1683 507 1751 totoque
521 1677 655 1733 autumni
669 1676 821 1734 incanduit
835 1683 921 1747 oestu,

178 1768 218 1828 Et
231 1788 328 1848 genus
343 1787 429 1827 omne
444 1768 512 1826 neci
526 1768 674 1847 pecudum
687 1770 778 1841 dedit,
794 1789 881 1827 omne
896 1769 1027 1827 ferarum
1042 1788 1050 1839 3
1113 1772 1172 1829 480

180 1862 381 1940 corrupitque
396 1862 491 1933 lacus,
508 1862 610 1921 infecit
625 1864 736 1941 pabula
750 1865 830 1923 tabo.

177 1956 243 2016 Nec
257 1957 305 2015 via
319 1954 422 2014 mortis
436 1965 500 2014 erat
514 1957 638 2034 simplex
652 1977 660 2027 ;
684 1957 738 2015 sed
752 1958 803 2016 ubi
816 1958 907 2035 ignea
925 1958 1009 2017 venis

177 2049 323 2108 Omnibus
338 2058 407 2107 acta
419 2050 483 2108 sitis
496 2051 622 2110 miseros
636 2052 801 2111 adduxerat
816 2060 911 2124 artus,
1062 2125 1065 2132 Ι

177 2142 295 2202 Rursus
311 2144 481 2202 abundabat
496 2145 604 2204 fluidus
619 2146 727 2222 liquor,
744 2146 903 2222 omniaque
918 2146 949 2205 in
964 2164 998 2206 se

178 2237 253 2296 Ossa
265 2237 432 2296 minutatim
445 2240 548 2297 morbo
562 2240 696 2317 collapsa
709 2240 856 2299 trahebat.

178 2332 269 2410 Sepla
277 2332 308 2390 in
321 2332 434 2390 honore
448 2331 536 2391 deum
550 2334 647 2392 medio
662 2342 744 2392 stans
759 2334 856 2391 hostia
871 2333 908 2391 ad
923 2352 1018 2405 aram,

177 2424 281 2484 Lanea
295 2425 365 2484 dum
379 2424 469 2483 niveis
482 2427 685 2486 circumdatur
699 2427 793 2484 insula
807 2425 891 2497 vitta,

177 2517 258 2578 Inter
272 2528 450 2578 cunctantes
464 2519 574 2577 cecidit
588 2520 764 2578 moribunda
777 2521 936 2579 ministros.

177 2618 236 2676 Aut
250 2619 276 2676 si
291 2638 380 2695 quam
395 2619 475 2676 ferro
490 2626 674 2676 mactaverat
689 2617 758 2676 ante
773 2617 926 2690 sacerdos,

176 2710 248 2770 Inde
263 2731 361 2789 neque
376 2712 520 2789 impositis
535 2711 639 2769 ardent
654 2712 761 2770 altaria
775 2712 868 2783 fibris,

176 2805 241 2865 Nec
255 2825 400 2883 responsa
414 2814 511 2883 potest
525 2806 679 2863 consultus
692 2806 819 2864 reddere
834 2814 919 2865 vates
933 2825 941 2876 ;

176 2901 220 2958 Ao
236 2901 284 2958 vix
299 2900 444 2976 suppositi
457 2900 612 2977 tinguntur
626 2901 771 2978 sanguine
786 2901 886 2973 cultri,

177 2995 356 3070 Summaque
367 2992 472 3069 jejunii
486 2993 570 3051 sanie
585 2994 752 3052 infuscatur
765 3013 867 3054 arena.

176 3086 257 3145 Hinc
272 3087 349 3145 laetis
364 3087 446 3144 vituli
461 3087 550 3165 vulgo
566 3088 730 3145 moriuntur
744 3089 773 3146 in
787 3088 899 3160 herbis,

176 3180 214 3238 Et
228 3180 334 3238 dulces
349 3181 463 3238 animas
478 3182 567 3258 plena
580 3181 617 3239 ad
631 3183 778 3259 praesepia
792 3183 927 3242 reddunt.

176 3273 257 3332 Hinc
271 3274 399 3332 canibus
413 3274 529 3332 blandis
542 3275 641 3332 rabies
656 3276 755 3344 venit3
778 3285 807 3333 et
822 3277 916 3351 quatit
931 3295 1028 3354 aegros

177 3365 281 3425 Tussis
296 3367 405 3425 anhela
419 3388 500 3439 sues,
516 3388 553 3426 ac
567 3369 703 3426 faucibus
719 3369 801 3446 angit
816 3369 925 3427 obesis.

175 3459 301 3519 Labitur
315 3461 427 3533 infelix,
443 3461 608 3519 studiorum
623 3469 712 3536 atque
727 3462 880 3519 immemor
892 3461 1006 3533 herbar,

176 3553 281 3613 Victor
294 3575 400 3631 equus,
417 3556 574 3630 fontesque
590 3555 743 3626 avertitur,
759 3565 788 3611 et
803 3554 878 3632 pede
897 3562 1008 3615 terram

177 3647 295 3708 Crebra
309 3649 376 3706 ferit
390 3668 396 3704 :
420 3648 556 3706 demissae
572 3667 661 3705 aures
675 3666 682 3716 ;
708 3648 840 3706 incertus
854 3647 963 3706 ibidem

177 3742 282 3813 Sudor,
298 3751 328 3799 et
342 3742 392 3800 ille
408 3742 526 3818 quidem
540 3741 690 3800 morituris
704 3742 849 3821 frigidus:
873 3752 938 3802 aret

175 3833 276 3907 Pellis,
293 3844 322 3893 et
336 3836 374 3893 ad
388 3844 501 3893 tactum
514 3836 654 3894 tractanti
669 3836 745 3894 dura
759 3837 879 3897 resistit.

176 3925 254 3986 Haec
268 3938 338 3987 ante
353 3929 475 3987 exitium
490 3929 591 4006 primis
605 3930 676 3987 dant
695 3930 783 4007 signa
796 3931 912 3992 diebus.

177 4023 227 4082 Sin
241 4024 271 4082 in
285 4044 427 4101 processu
442 4025 533 4101 coepit
547 4025 728 4084 crudescere
743 4028 874 4099 morbus,
967 4038 968 4041 ’

175 4114 252 4175 Tum
267 4117 338 4176 verb
353 4118 492 4176 ardentes
507 4119 596 4189 oculi,
614 4128 703 4195 atque
718 4128 864 4179 attractus
878 4124 916 4180 ab
931 4124 992 4183 alto
1105 4126 1165 4185 505

177 4212 312 4290 Spiritus,
328 4214 476 4272 interdum
489 4215 601 4293 gemitu
616 4216 727 4294 gravis,
744 4217 861 4294 imaque
877 4218 966 4298 longo

176 4304 231 4364 Ilia
244 4307 376 4385 singultu
389 4308 513 4366 tendunt
530 4328 537 4378 ;
561 4309 582 4366 it
596 4311 719 4368 naribus
734 4318 799 4369 ater

177 4399 314 4478 Sanguis,
330 4409 360 4459 et
374 4403 514 4460 obsessas
530 4402 633 4460 fauces
648 4405 753 4481 premit
767 4424 877 4483 aspera
891 4406 1004 4486 lingua.

175 4490 289 4551 Profuit
302 4494 415 4552 inserto
428 4495 533 4554 latices
548 4496 703 4554 infundere
722 4518 816 4557 cornu

174 4582 303 4646 Ienaeos
316 4605 324 4646 t
347 4606 385 4647 ea
398 4588 464 4647 visa
476 4589 558 4648 salus
571 4590 766 4651 morientibus
780 4613 849 4654 una.

450 4686 467 4739 t
863 4704 880 4746 r
