2692 5122
478 804 654 855 arctoos
674 806 743 854 nra.
758 810 806 856 ιν.
1080 819 1135 877 tos

152 947 219 1007 Non
233 946 298 1022 jam
314 946 484 1025 conjugium
497 948 757 1025 antiquum,·quod
772 947 907 1026 prodidit,
923 969 995 1010 oro:

152 1041 217 1100 Nec
232 1040 358 1119 pulchro
373 1048 403 1099 ut
417 1039 506 1099 Latio
519 1049 635 1111 careat,
651 1060 835 1119 regnumque
850 1044 1008 1121 relinquat.

151 1134 284 1211 Tempus
302 1134 389 1191 inane
404 1143 482 1211 peto,
499 1135 634 1210 requiem
647 1136 832 1211 spatiumque
847 1136 949 1209 furori,

151 1226 232 1285 Dum
250 1246 318 1284 mea
332 1246 378 1284 me
393 1227 501 1285 vietam
515 1227 622 1285 doceat
636 1228 753 1285 fortuna
767 1228 878 1287 dolere.

150 1318 325 1378 Extremam
340 1321 419 1378 bane
432 1339 486 1378 oro
500 1321 628 1391 veniam,
647 1321 802 1398 (miserere
817 1323 928 1380 sororis
940 1323 963 1399 l)
1076 1324 1136 1383 4³6

152 1412 251 1479 Quam
265 1414 336 1471 mihi
351 1432 440 1490 quum
454 1413 582 1485 dederis,
599 1415 780 1472 cumulatam
793 1424 886 1473 morte
900 1416 1054 1476 remittam.

190 1507 318 1565 Talibus
331 1508 446 1578 orabat,
462 1508 598 1582 talesque
612 1509 778 1566 miserrima
792 1507 879 1567 fletus

151 1600 285 1676 Fertque
299 1600 451 1677 refertque
465 1620 559 1658 soror.
602 1601 661 1658 Sed
679 1602 768 1659 nullis
781 1601 831 1659 ille
845 1610 980 1660 movetur

151 1693 299 1765 Fletibus,
316 1701 367 1751 aut
381 1712 473 1751 voces
487 1694 563 1751 ullas
577 1695 742 1753 tractabilis
757 1695 837 1753 audit
852 1714 859 1752 ε

150 1786 230 1845 Fata
244 1788 372 1857 obstant,
390 1787 583 1863 placidasque
596 1788 652 1845 viri
670 1788 743 1845 deus
756 1789 881 1846 obstruit
900 1806 998 1847 aures.
1078 1790 1138 1849 4⁴0

152 1881 198 1939 Ac
213 1880 306 1937 veluti
320 1899 433 1937 annoso
447 1880 576 1938 validam
590 1900 679 1957 quum
693 1884 800 1939 robore
816 1900 960 1957 quercum

152 1973 252 2050 Alpini
272 1971 391 2044 Boreae,
408 1992 487 2031 nunc
504 1974 583 2045 hinc,
599 1993 678 2031 nunc
693 1973 812 2032 flatibus
826 1974 906 2032 illinc

152 2066 271 2125 Eruere
287 2066 365 2124 inter
378 2085 411 2124 se
425 2075 541 2125 certant
558 2085 565 2137 ;
590 2067 611 2124 it
625 2067 742 2138 stridor,
758 2076 788 2125 et
802 2067 861 2125 alte

43 2226 46 2231 ¹
153 2159 360 2219 Constemunt
376 2167 496 2231 terrem,
513 2180 659 2218 concusso
673 2161 782 2237 stipite,
798 2160 918 2233 frondes
935 2179 943 2230 ;

154 2250 223 2331 lpsa
238 2255 332 2312 baeret
346 2254 475 2330 scopulis
491 2273 498 2322 3
522 2264 562 2324 et,
581 2255 719 2329 quantum
734 2255 845 2312 vertice
860 2254 898 2311 ad
912 2273 1003 2313 auras

154 2347 321 2418 AEtherias,
337 2346 450 2404 tantinn
463 2347 565 2405 radice
580 2347 608 2404 in
622 2347 754 2404 Tartara
766 2347 880 2404 tendit:

154 2439 246 2498 Haud
262 2440 351 2498 secus
364 2440 492 2497 assiduis
505 2440 574 2497 hinc
589 2453 677 2515 atque
693 2440 761 2498 hinc
775 2441 898 2497 vocibus
910 2439 1000 2497 heroa

154 2533 312 2604 Tunditur‚
329 2541 358 2590 et
372 2551 481 2609 magno
498 2533 640 2609 persentit
655 2540 775 2608 pectore
790 2550 899 2590 curas:

155 2626 243 2685 Mens
261 2627 380 2684 immota
397 2634 495 2683 manet
509 2645 516 2695 ;
541 2626 679 2702 lacrymae
694 2626 851 2682 volvuntur
864 2625 977 2685 inanes.

192 2720 270 2778 Tum
285 2719 357 2778 verb
372 2719 472 2777 infelix
491 2718 558 2776 fatis
572 2719 713 2776 exterrita
726 2717 807 2776 Dido

155 2813 283 2872 Mortem
297 2822 361 2871 orat
378 2832 385 2880 ;
409 2812 497 2870 tardet
512 2812 581 2870 coeli
595 2831 729 2869 convexa
743 2810 830 2870 tueri.

157 2907 224 2974 Qud
240 2907 336 2985 magis
350 2907 498 2983 inceptum
513 2914 647 2982 peragat,
663 2906 820 2980 lucemque
835 2905 993 2982 relinquat,

156 3000 247 3070 Vidit,
263 3000 451 3058 thuricremis
467 3018 556 3074 quum
570 2999 646 3055 dona
661 2999 824 3075 imponeret
839 3000 909 3071 aris,

157 3092 363 3168 (Horrendum
378 3092 456 3149 dictu
470 3094 492 3170 l)
514 3092 618 3149 latices
631 3092 803 3169 nigrescere
818 3112 930 3165 sacros,

154 3185 297 3263 Fuseque
312 3186 341 3243 in
355 3187 529 3243 obscoenum
543 3205 576 3243 se
591 3199 706 3243 vertere
722 3186 790 3243 vina
803 3205 950 3247 cruorem.

155 3279 226 3338 Hoc
240 3280 337 3337 visum
350 3279 432 3349 nulli,
448 3298 507 3336 non
521 3279 577 3356 ipsi
590 3278 680 3336 effata
693 3279 797 3336 sorori.

155 3372 309 3431 Praeterea
322 3372 376 3429 fuit
390 3372 419 3429 in
432 3373 520 3431 tectis
533 3372 570 3428 de
586 3388 729 3428 marmore
743 3370 885 3445 templum

156 3464 306 3543 Conjugis
320 3465 443 3541 antiqui,
458 3466 532 3522 miro
547 3464 625 3540 quod
639 3463 751 3520 honore
766 3463 893 3533 colebat,

155 3558 327 3616 Velleribus
341 3559 435 3615 niveis
449 3566 479 3614 et
493 3556 570 3615 festia
584 3556 687 3613 fronde
702 3556 866 3613 revinctum
882 3573 889 3611 :

156 3651 240 3710 Hinc
251 3652 384 3710 exaudiri
398 3669 489 3709 voces
503 3659 531 3706 et
545 3651 636 3707 verba
651 3648 784 3706 vocantis

157 3745 232 3803 Visa
247 3746 312 3817 viri,
326 3735 386 3802 ¹nou
402 3764 492 3820 quum
505 3750 603 3801 terras
618 3745 747 3800 obscura
760 3750 877 3802 teneret
892 3762 901 3813 ;

158 3841 288 3917 Solaque
303 3841 481 3898 culminibus
495 3840 580 3897 ferali
595 3839 725 3897 carmine
746 3841 826 3898 bubo

157 3934 244 4010 Seps
260 3934 356 4009 queri,
373 3943 401 3990 et
418 3934 523 4010 longas
537 3933 565 3990 in
580 3932 679 3990 fletum
695 3933 805 3991 ducere
821 3952 920 3992 voces.

157 4026 314 4103 Multaque
330 4035 476 4103 praeterea
489 4040 588 4084 vatum
602 4027 744 4104 praedicta
762 4027 892 4103 priorum

155 4118 299 4178 Terribili
314 4120 422 4177 monitu
438 4120 619 4178 horrificant.
662 4120 734 4197 Agit
749 4121 811 4197 ipse
827 4119 972 4177 furentem

159 4210 194 4270 ln
212 4213 323 4271 somnis
341 4213 422 4270 ferus
435 4213 577 4271 AEneas:
599 4232 775 4290 semperque
789 4212 915 4287 relinqui

159 4305 228 4363 Sola
243 4306 310 4377 sibi,
330 4325 448 4383 semper
461 4306 581 4383 longam
595 4306 766 4363 incomitata
780 4305 896 4363 videtur

159 4396 207 4456 lre
222 4398 311 4468 viam,
327 4405 356 4456 et
373 4398 483 4476 Tyrios
496 4397 617 4456 deserti
631 4418 764 4472 qumrere
783 4397 874 4456 terris,

159 4489 358 4549 Eumenidum
372 4492 464 4549 veluti
476 4492 599 4551 demens
613 4492 691 4550 videt
706 4493 825 4569 agmine
838 4491 1001 4562 Pentheus,

157 4582 199 4643 Et
210 4584 305 4642 solem
318 4585 480 4663 geminum,
495 4594 526 4643 et
539 4585 673 4662 duplices
687 4604 720 4642 ae
735 4584 891 4642 ostendere
906 4582 1047 4642 Thebas:
1082 4581 1142 4641 470
