2692 5122
542 853 720 903 AENEIDOS
741 854 810 901 ΗΒ.
826 854 845 900 1.

201 994 279 1055 Jura
292 995 382 1053 dabat
395 994 540 1074 legesque
557 996 637 1065 viris,
654 1014 836 1072 operumque
851 994 983 1054 laborem

202 1089 341 1148 Partibus
356 1090 495 1165 aequabat
514 1089 614 1164 justis,
631 1098 681 1146 aut
700 1098 779 1145 sorte
795 1089 951 1146 trahebat:

203 1181 303 1249 Quum
324 1181 421 1239 subitd
437 1182 556 1239 AEneas
571 1201 719 1239 concursu
734 1181 880 1238 accedere
895 1200 1026 1258 magno.

202 1275 329 1346 Anthea,
347 1276 580 1352 Sergestumque
596 1275 685 1344 videt,
702 1274 867 1349 sortemque
883 1274 1075 1347 Cloanthum,
1130 1276 1190 1335 510

202 1364 447 1444 Teucrorumque
463 1369 547 1437 alios,
565 1377 629 1425 ater
644 1387 719 1443 quos
733 1387 854 1443 aequore
868 1369 955 1425 turbo

200 1461 385 1539 Dispulerat‚
402 1463 578 1539 penitusque
593 1464 668 1521 alias
683 1472 824 1521 avexerat
839 1483 938 1549 orne..

200 1557 359 1634 Obstupuit
374 1558 460 1614 simul
476 1559 549 1635 ipse,
566 1559 652 1616 simul
671 1578 832 1636 percussus
845 1559 980 1617 Achates

198 1649 380 1727 Laetitidque
399 1661 539 1728 metuque
556 1670 563 1708 t
587 1653 666 1709 avidi
681 1653 865 1729 conjungere
880 1653 999 1711 dextras

199 1744 351 1802 Ardebant
365 1764 373 1813 3
397 1745 450 1801 sed
464 1765 513 1802 res
528 1747 641 1803 animos
656 1747 807 1822 incognita
821 1747 930 1804 turbat.
1128 1750 1188 1808 515

199 1837 394 1895 Dissimulant
411 1858 418 1906 ;
443 1848 472 1896 et
486 1841 564 1896 nube
580 1838 659 1897 caud
672 1840 864 1916 speculantur
878 1839 988 1910 amicti,

199 1932 276 2000 Qum
292 1934 410 1991 sortuna
425 1934 505 2005 viris,
522 1935 650 1992 classem
667 1955 724 2010 qno
739 1936 837 1992 littore
853 1936 997 2011 linquant,

199 2025 279 2093 Quid
293 2027 413 2084 veniant
429 2046 437 2096 ;
461 2028 577 2085 cunctis
592 2047 660 2085 nam
674 2028 743 2085 lecti
758 2029 884 2086 navibus
898 2029 980 2087 ibant

198 2118 326 2177 Orontes
342 2120 468 2191 veniam,
484 2129 513 2177 et
531 2122 672 2198 templum
687 2122 818 2179 clamore
834 2125 991 2213 petebant²

234 2211 397 2289 Postquam
411 2214 596 2291 introgressi,
608 2224 636 2272 et
651 2214 752 2273 cordm
766 2215 837 2273 data
850 2216 938 2292 copia
952 2215 1043 2287 sandi,

199 2304 347 2364 Maximus
363 2305 494 2364 Ilioneus
507 2308 625 2385 placido
640 2308 683 2364 sic
697 2317 817 2384 pectore
832 2309 922 2384 coepit
939 2327 947 2364 t

197 2398 225 2458 O
238 2400 353 2477 regina,
370 2419 477 2457 novam
492 2402 541 2457 cui
557 2400 685 2457 condere
698 2400 817 2476 Jupiter
833 2402 946 2471 urbem,

197 2491 378 2568 Justititque
393 2493 472 2549 dedit
491 2501 596 2569 gentos
611 2492 737 2548 sraenare
752 2494 907 2568 superbas,

196 2585 292 2645 Trois
305 2595 335 2644 tc
349 2586 461 2655 miseri,
479 2586 575 2642 ventis
590 2585 683 2641 marin
697 2586 794 2641 omnia
811 2586 928 2665 vectip.r
985 2660 990 2667 .

73 2654 344 2738 .f‘0'ramus:
368 2679 491 2756 prohibe
508 2678 643 2735 infandos
658 2697 676 2735 a
690 2679 815 2735 navibus
830 2666 937 2754 ignes}
950 2668 977 2687 ‘⁸

196 2773 292 2832 Parce
307 2774 353 2851 pio
368 2773 483 2850 generi,
500 2780 529 2829 et
543 2771 663 2848 propius
677 2791 727 2829 res
742 2771 862 2848 adspice
876 2781 1003 2832 nostres.

196 2867 224 2925 N
227 2887 264 2925 on
279 2888 332 2925 nos
346 2877 397 2925 aut
412 2867 490 2924 lerro
504 2866 637 2941 Libycos
651 2866 793 2942 populare
808 2865 938 2923 Penates
973 2854 981 2872 ⁸

197 2960 348 3034 Venimus,
365 2971 415 3021 aut
429 2971 529 3039 raptas
545 2961 582 3019 ad
597 2961 697 3019 littora
712 2970 829 3019 vertere
845 2962 984 3038 praedas;

196 3055 263 3114 Non
278 3076 316 3113 ea
331 3057 374 3114 vis
388 3056 495 3127 unimo,
512 3064 665 3113 nectente
680 3056 820 3132 superbia
833 3056 929 3115 victis,
990 3046 994 3053 ’

194 3148 250 3207 Est
269 3150 363 3219 loeus,
379 3149 558 3225 Hesperiam
573 3149 659 3207 Graii
678 3150 854 3225 cognomine
869 3150 981 3220 dicunt,

194 3241 292 3300 Terra
306 3243 438 3318 antiqua,
455 3252 559 3320 potens
573 3243 663 3299 armis
678 3250 767 3317 atque
783 3244 875 3298 ubere
890 3243 986 3319 glebae
1002 3262 1010 3312 ;

197 3337 319 3396 OEnotri
332 3337 453 3397 coluere
468 3340 523 3396 viri
538 3358 545 3407 ;
570 3356 648 3394 nunc
663 3337 753 3405 sama,
769 3337 899 3393 minores

196 3430 312 3489 ltaliam
326 3431 446 3502 dixisse,
463 3432 548 3489 ducis
562 3431 598 3488 de
613 3430 742 3499 nomine,
758 3437 888 3506 gentem.

196 3524 267 3583 Huc
282 3545 389 3583 cursus
404 3524 456 3581 fuit
472 3542 479 3579 t
808 3514 811 3519 ’

194 3617 296 3684 Quum
310 3617 408 3676 subito
423 3636 586 3693 assurgens
601 3615 691 3673 fluctu
707 3615 858 3672 nimbosus
872 3614 966 3674 Orion

195 3709 229 3768 ln
244 3712 320 3769 vado
334 3731 418 3769 caecs
432 3711 508 3780 tulit,
525 3709 701 3787 penitusque
716 3710 893 3787 procacibus
904 3709 1024 3769 Austris

193 3802 313 3880 Perque
328 3804 433 3875 undas,
449 3812 609 3880 superante
623 3803 698 3873 salo,
715 3822 827 3880 perque
843 3804 923 3863 invio
937 3822 1021 3876 saxa,

193 3897 324 3975 Dispulit
340 3917 346 3956 :
369 3899 427 3956 huc
442 3899 529 3975 pauci
546 3898 652 3955 vestris
667 3897 841 3956 adnavimus
855 3899 929 3956 oris.

194 3988 282 4062 Quod
296 4011 393 4067 genus
406 3991 463 4049 hoc
474 3992 634 4060 hominum,
648 4010 753 4067 quaeve
765 3992 844 4049 hunc
854 4000 915 4049 tam
925 3993 1057 4051 barbara
1066 4010 1179 4053 morem

192 4082 338 4141 Permittit
353 4084 473 4161 patria?
501 4084 626 4161 hospitio
642 4085 832 4161 prohibemur
846 4087 969 4143 orente!
1121 4086 1182 4145 540

193 4174 279 4234 Bella
293 4176 382 4247 cient,
398 4175 551 4255 primique
566 4185 667 4234 vetant
683 4177 847 4234 consistere
861 4168 953 4237 te'r'rd.
1231 4174 1235 4183 '

194 4268 226 4325 Si
238 4288 334 4347 genus
349 4270 508 4327 humanum
523 4278 552 4326 et
567 4271 703 4328 mortalia
717 4271 846 4328 temnitis
861 4290 955 4342 arma,

193 4362 233 4419 At
247 4372 365 4438 sperate
380 4363 451 4420 deos
466 4382 612 4420 memores
627 4363 706 4420 sandi
727 4372 816 4438 atque
830 4363 960 4424 nefandi.

193 4454 262 4513 Rex
276 4464 341 4513 erat
356 4455 471 4514 AEneas
489 4457 584 4526 nobis,
602 4475 659 4532 quo
675 4455 785 4532 justior
799 4458 884 4529 alteri

193 4546 222 4607 N
225 4567 261 4606 ec
274 4548 383 4626 pietate
398 4548 461 4619 luit,
477 4569 535 4607 nec
549 4550 627 4607 bello
642 4550 736 4626 major
750 4559 779 4608 et
794 4551 884 4608 armis
900 4569 934 4639 ².·'·
1120 4550 1180 4608 ⁵45

194 4638 294 4709 Quem
307 4640 333 4700 si
347 4640 408 4701 fite
420 4641 515 4701 virum
529 4650 659 4713 servant,
676 4644 702 4701 si
716 4643 848 4701 rescitur
861 4632 937 4701 ariri⁴
