<?xml version="1.0" encoding="UTF-8"?>
<!DOCTYPE html PUBLIC "-//W3C//DTD XHTML 1.0 Transitional//EN"
    "http://www.w3.org/TR/xhtml1/DTD/xhtml1-transitional.dtd">
<html xmlns="http://www.w3.org/1999/xhtml" xml:lang="en" lang="en">
 <head>
  <title>
</title>
<meta http-equiv="Content-Type" content="text/html;charset=utf-8" />
  <meta name='ocr-system' content='tesseract 3.04.00' />
  <meta name='ocr-capabilities' content='ocr_page ocr_carea ocr_par ocr_line ocrx_word'/>
</head>
<body>
  <div class='ocr_page' id='page_1' title='image "./pvirgiliimaroni00bowegoog/pvirgiliimaroni00bowegoog_0076.png"; bbox 0 0 2692 5122; ppageno 0'>
   <div class='ocr_carea' id='block_1_1' title="bbox 475 780 855 833">
    <p class='ocr_par' dir='ltr' id='par_1_1' title="bbox 475 780 855 833">
     <span class='ocr_line' id='line_1_1' title="bbox 475 780 855 833; baseline 0.013 -5"><span class='ocrx_word' id='word_1_1' title='bbox 475 780 699 830; x_wconf 73' lang='lat' dir='ltr'>enonmcon</span> <span class='ocrx_word' id='word_1_2' title='bbox 716 784 787 832; x_wconf 71' lang='grc' dir='ltr'>ΗΒ.</span> <span class='ocrx_word' id='word_1_3' title='bbox 801 785 855 833; x_wconf 84' lang='lat'>111.</span> 
     </span>
    </p>
   </div>
   <div class='ocr_carea' id='block_1_2' title="bbox 98 921 1168 4570">
    <p class='ocr_par' dir='ltr' id='par_1_2' title="bbox 213 921 950 1002">
     <span class='ocr_line' id='line_1_2' title="bbox 213 921 950 1002; baseline 0.005 -20"><span class='ocrx_word' id='word_1_4' title='bbox 213 921 281 982; x_wconf 88' lang='lat' dir='ltr'>Nec</span> <span class='ocrx_word' id='word_1_5' title='bbox 294 940 355 981; x_wconf 89' lang='lat' dir='ltr'>noa</span> <span class='ocrx_word' id='word_1_6' title='bbox 368 927 399 979; x_wconf 92' lang='lat' dir='ltr'>et</span> <span class='ocrx_word' id='word_1_7' title='bbox 413 921 514 1000; x_wconf 87' lang='lat' dir='ltr'>pecori</span> <span class='ocrx_word' id='word_1_8' title='bbox 527 929 574 980; x_wconf 91' lang='lat' dir='ltr'>est</span> <span class='ocrx_word' id='word_1_9' title='bbox 591 921 668 980; x_wconf 89' lang='lat' dir='ltr'>idem</span> <span class='ocrx_word' id='word_1_10' title='bbox 682 922 816 984; x_wconf 88' lang='lat' dir='ltr'>delectus</span> <span class='ocrx_word' id='word_1_11' title='bbox 830 925 950 1002; x_wconf 88' lang='lat' dir='ltr'>equino.</span> 
     </span>
    </p>

    <p class='ocr_par' dir='ltr' id='par_1_3' title="bbox 174 1015 1009 1282">
     <span class='ocr_line' id='line_1_3' title="bbox 174 1015 1009 1098; baseline 0.008 -25"><span class='ocrx_word' id='word_1_12' title='bbox 174 1015 223 1074; x_wconf 82' lang='lat' dir='ltr'>Tu</span> <span class='ocrx_word' id='word_1_13' title='bbox 237 1015 336 1088; x_wconf 85' lang='lat' dir='ltr'>modb,</span> <span class='ocrx_word' id='word_1_14' title='bbox 353 1034 428 1093; x_wconf 89' lang='lat' dir='ltr'>quos</span> <span class='ocrx_word' id='word_1_15' title='bbox 441 1016 472 1073; x_wconf 87' lang='lat' dir='ltr'>in</span> <span class='ocrx_word' id='word_1_16' title='bbox 485 1035 569 1094; x_wconf 84' lang='lat' dir='ltr'>spem</span> <span class='ocrx_word' id='word_1_17' title='bbox 586 1025 700 1075; x_wconf 75' lang='lat' dir='ltr'>statues</span> <span class='ocrx_word' id='word_1_18' title='bbox 713 1020 886 1079; x_wconf 76' lang='lat' dir='ltr'><strong>submittere</strong></span> <span class='ocrx_word' id='word_1_19' title='bbox 900 1018 1009 1098; x_wconf 84' lang='lat' dir='ltr'>gentis,</span> 
     </span>
     <span class='ocr_line' id='line_1_4' title="bbox 175 1109 984 1189; baseline 0.006 -21"><span class='ocrx_word' id='word_1_20' title='bbox 175 1109 364 1188; x_wconf 75' lang='lat' dir='ltr'>Praecipuum</span> <span class='ocrx_word' id='word_1_21' title='bbox 380 1111 443 1186; x_wconf 87' lang='lat' dir='ltr'>jam</span> <span class='ocrx_word' id='word_1_22' title='bbox 455 1109 524 1168; x_wconf 88' lang='lat' dir='ltr'>inde</span> <span class='ocrx_word' id='word_1_23' title='bbox 538 1128 556 1167; x_wconf 86' lang='lat' dir='ltr'>a</span> <span class='ocrx_word' id='word_1_24' title='bbox 568 1112 680 1169; x_wconf 81' lang='lat' dir='ltr'>teneris</span> <span class='ocrx_word' id='word_1_25' title='bbox 694 1112 829 1189; x_wconf 90' lang='lat' dir='ltr'>impende</span> <span class='ocrx_word' id='word_1_26' title='bbox 843 1114 984 1173; x_wconf 86' lang='lat' dir='ltr'>laborem.</span> 
     </span>
     <span class='ocr_line' id='line_1_5' title="bbox 177 1203 867 1282; baseline 0.003 -19"><span class='ocrx_word' id='word_1_27' title='bbox 177 1203 327 1264; x_wconf 85' lang='lat' dir='ltr'>Continub</span> <span class='ocrx_word' id='word_1_28' title='bbox 342 1203 461 1282; x_wconf 87' lang='lat' dir='ltr'>pecoris</span> <span class='ocrx_word' id='word_1_29' title='bbox 473 1205 614 1282; x_wconf 83' lang='lat' dir='ltr'>generosi</span> <span class='ocrx_word' id='word_1_30' title='bbox 632 1206 729 1282; x_wconf 91' lang='lat' dir='ltr'>pullos</span> <span class='ocrx_word' id='word_1_31' title='bbox 743 1206 773 1264; x_wconf 88' lang='lat' dir='ltr'>iu</span> <span class='ocrx_word' id='word_1_32' title='bbox 787 1206 867 1266; x_wconf 79' lang='lat' dir='ltr'>arvis</span> 
     </span>
    </p>

    <p class='ocr_par' dir='ltr' id='par_1_4' title="bbox 176 1299 877 1380">
     <span class='ocr_line' id='line_1_6' title="bbox 176 1299 877 1380; baseline 0.003 -22"><span class='ocrx_word' id='word_1_33' title='bbox 176 1299 273 1359; x_wconf 78' lang='lat' dir='ltr'>Altiirs</span> <span class='ocrx_word' id='word_1_34' title='bbox 286 1299 462 1379; x_wconf 82' lang='lat' dir='ltr'>ingreditur,</span> <span class='ocrx_word' id='word_1_35' title='bbox 479 1308 509 1359; x_wconf 93' lang='lat' dir='ltr'>et</span> <span class='ocrx_word' id='word_1_36' title='bbox 523 1300 623 1358; x_wconf 88' lang='lat' dir='ltr'>mollia</span> <span class='ocrx_word' id='word_1_37' title='bbox 636 1319 726 1359; x_wconf 87' lang='lat' dir='ltr'>crura</span> <span class='ocrx_word' id='word_1_38' title='bbox 738 1302 854 1380; x_wconf 79' lang='lat' dir='ltr'>reponit</span> <span class='ocrx_word' id='word_1_39' title='bbox 870 1320 877 1360; x_wconf 93' lang='lat'><strong>:</strong></span> 
     </span>
    </p>

    <p class='ocr_par' dir='ltr' id='par_1_5' title="bbox 176 1393 940 1566">
     <span class='ocr_line' id='line_1_7' title="bbox 177 1393 940 1466; baseline 0.004 -15"><span class='ocrx_word' id='word_1_40' title='bbox 177 1393 293 1452; x_wconf 87' lang='lat' dir='ltr'>Primus</span> <span class='ocrx_word' id='word_1_41' title='bbox 307 1402 336 1451; x_wconf 90' lang='lat' dir='ltr'>et</span> <span class='ocrx_word' id='word_1_42' title='bbox 350 1393 395 1452; x_wconf 90' lang='lat' dir='ltr'>ire</span> <span class='ocrx_word' id='word_1_43' title='bbox 409 1393 497 1466; x_wconf 79' lang='lat' dir='ltr'>viam,</span> <span class='ocrx_word' id='word_1_44' title='bbox 514 1401 544 1452; x_wconf 93' lang='lat' dir='ltr'>et</span> <span class='ocrx_word' id='word_1_45' title='bbox 557 1394 664 1452; x_wconf 83' lang='lat' dir='ltr'>fluvios</span> <span class='ocrx_word' id='word_1_46' title='bbox 676 1402 793 1453; x_wconf 87' lang='lat' dir='ltr'>tentare</span> <span class='ocrx_word' id='word_1_47' title='bbox 806 1395 940 1456; x_wconf 83' lang='lat' dir='ltr'>minaces</span> 
     </span>
     <span class='ocr_line' id='line_1_8' title="bbox 176 1487 847 1566; baseline 0 -21"><span class='ocrx_word' id='word_1_48' title='bbox 176 1487 285 1558; x_wconf 82' lang='lat' dir='ltr'><strong>Audet,</strong></span> <span class='ocrx_word' id='word_1_49' title='bbox 302 1494 332 1544; x_wconf 93' lang='lat' dir='ltr'>et</span> <span class='ocrx_word' id='word_1_50' title='bbox 347 1487 450 1564; x_wconf 88' lang='lat' dir='ltr'>ignoto</span> <span class='ocrx_word' id='word_1_51' title='bbox 463 1506 531 1546; x_wconf 89' lang='lat' dir='ltr'>sese</span> <span class='ocrx_word' id='word_1_52' title='bbox 545 1488 728 1546; x_wconf 81' lang='lat' dir='ltr'>committere</span> <span class='ocrx_word' id='word_1_53' title='bbox 743 1489 824 1566; x_wconf 90' lang='lat' dir='ltr'>ponti</span> <span class='ocrx_word' id='word_1_54' title='bbox 839 1507 847 1544; x_wconf 79' lang='lat' dir='ltr'>t</span> 
     </span>
    </p>

    <p class='ocr_par' dir='ltr' id='par_1_6' title="bbox 177 1580 1018 1941">
     <span class='ocr_line' id='line_1_9' title="bbox 177 1580 955 1659; baseline -0.001 -19"><span class='ocrx_word' id='word_1_55' title='bbox 177 1583 205 1641; x_wconf 90' lang='lat' dir='ltr'><strong>N</strong></span> <span class='ocrx_word' id='word_1_56' title='bbox 207 1601 242 1640; x_wconf 88' lang='lat' dir='ltr'>ec</span> <span class='ocrx_word' id='word_1_57' title='bbox 257 1600 351 1639; x_wconf 83' lang='lat' dir='ltr'>vanos</span> <span class='ocrx_word' id='word_1_58' title='bbox 364 1581 465 1639; x_wconf 89' lang='lat' dir='ltr'>horret</span> <span class='ocrx_word' id='word_1_59' title='bbox 479 1582 628 1659; x_wconf 85' lang='lat' dir='ltr'>strepitus.</span> <span class='ocrx_word' id='word_1_60' title='bbox 672 1580 719 1640; x_wconf 90' lang='lat' dir='ltr'>Illi</span> <span class='ocrx_word' id='word_1_61' title='bbox 734 1582 829 1640; x_wconf 84' lang='lat' dir='ltr'>ardua</span> <span class='ocrx_word' id='word_1_62' title='bbox 842 1581 955 1653; x_wconf 81' lang='lat' dir='ltr'>cervix,</span> 
     </span>
     <span class='ocr_line' id='line_1_10' title="bbox 177 1675 1018 1755; baseline 0.004 -22"><span class='ocrx_word' id='word_1_63' title='bbox 177 1676 384 1754; x_wconf 81' lang='lat' dir='ltr'>Argutumque</span> <span class='ocrx_word' id='word_1_64' title='bbox 398 1683 499 1751; x_wconf 90' lang='lat' dir='ltr'>eaput,</span> <span class='ocrx_word' id='word_1_65' title='bbox 516 1675 615 1734; x_wconf 87' lang='lat' dir='ltr'>brevis</span> <span class='ocrx_word' id='word_1_66' title='bbox 629 1676 725 1748; x_wconf 86' lang='lat' dir='ltr'>alvus,</span> <span class='ocrx_word' id='word_1_67' title='bbox 741 1678 894 1753; x_wconf 75' lang='lat' dir='ltr'>obesaque</span> <span class='ocrx_word' id='word_1_68' title='bbox 907 1683 995 1755; x_wconf 85' lang='lat' dir='ltr'>terga</span> <span class='ocrx_word' id='word_1_69' title='bbox 1009 1693 1018 1746; x_wconf 89' lang='lat'>3</span> 
     </span>
     <span class='ocr_line' id='line_1_11' title="bbox 178 1767 950 1847; baseline -0.001 -19"><span class='ocrx_word' id='word_1_70' title='bbox 178 1767 383 1846; x_wconf 81' lang='lat' dir='ltr'>Luxuriatque</span> <span class='ocrx_word' id='word_1_71' title='bbox 398 1769 471 1827; x_wconf 88' lang='lat' dir='ltr'>toris</span> <span class='ocrx_word' id='word_1_72' title='bbox 485 1769 649 1827; x_wconf 88' lang='lat' dir='ltr'>animosum</span> <span class='ocrx_word' id='word_1_73' title='bbox 662 1778 776 1847; x_wconf 87' lang='lat' dir='ltr'>pectus.</span> <span class='ocrx_word' id='word_1_74' title='bbox 818 1769 950 1828; x_wconf 76' lang='lat' dir='ltr'>Honesti</span> 
     </span>
     <span class='ocr_line' id='line_1_12' title="bbox 180 1862 933 1941; baseline 0 -19"><span class='ocrx_word' id='word_1_75' title='bbox 180 1863 332 1941; x_wconf 82' lang='lat' dir='ltr'>Spadices,</span> <span class='ocrx_word' id='word_1_76' title='bbox 347 1863 509 1940; x_wconf 86' lang='lat' dir='ltr'>glaueique</span> <span class='ocrx_word' id='word_1_77' title='bbox 525 1880 533 1931; x_wconf 88' lang='lat'>3</span> <span class='ocrx_word' id='word_1_78' title='bbox 560 1862 643 1920; x_wconf 93' lang='lat' dir='ltr'>color</span> <span class='ocrx_word' id='word_1_79' title='bbox 656 1862 832 1921; x_wconf 86' lang='lat' dir='ltr'>deterrimus</span> <span class='ocrx_word' id='word_1_80' title='bbox 847 1863 933 1935; x_wconf 84' lang='lat' dir='ltr'>albis,</span> 
     </span>
    </p>

    <p class='ocr_par' dir='ltr' id='par_1_7' title="bbox 178 1953 1045 3064">
     <span class='ocr_line' id='line_1_13' title="bbox 178 1953 1045 2035; baseline 0.001 -21"><span class='ocrx_word' id='word_1_81' title='bbox 178 1955 218 2015; x_wconf 83' lang='lat' dir='ltr'>Et</span> <span class='ocrx_word' id='word_1_82' title='bbox 235 1956 324 2035; x_wconf 82' lang='lat' dir='ltr'>gilvo.</span> <span class='ocrx_word' id='word_1_83' title='bbox 365 1956 456 2029; x_wconf 87' lang='lat' dir='ltr'>Tum,</span> <span class='ocrx_word' id='word_1_84' title='bbox 472 1956 497 2014; x_wconf 89' lang='lat' dir='ltr'>si</span> <span class='ocrx_word' id='word_1_85' title='bbox 513 1974 573 2032; x_wconf 91' lang='lat' dir='ltr'>qua</span> <span class='ocrx_word' id='word_1_86' title='bbox 586 1975 690 2014; x_wconf 80' lang='lat' dir='ltr'>sonum</span> <span class='ocrx_word' id='word_1_87' title='bbox 706 1957 809 2034; x_wconf 90' lang='lat' dir='ltr'>procul</span> <span class='ocrx_word' id='word_1_88' title='bbox 824 1975 909 2015; x_wconf 87' lang='lat' dir='ltr'>arma</span> <span class='ocrx_word' id='word_1_89' title='bbox 921 1953 1045 2029; x_wconf 64' lang='lat' dir='ltr'>dedere,</span> 
     </span>
     <span class='ocr_line' id='line_1_14' title="bbox 180 2049 984 2123; baseline 0 -15"><span class='ocrx_word' id='word_1_90' title='bbox 180 2051 265 2109; x_wconf 88' lang='lat' dir='ltr'>Stare</span> <span class='ocrx_word' id='word_1_91' title='bbox 279 2050 347 2108; x_wconf 89' lang='lat' dir='ltr'>loco</span> <span class='ocrx_word' id='word_1_92' title='bbox 360 2050 465 2122; x_wconf 87' lang='lat' dir='ltr'>nescit,</span> <span class='ocrx_word' id='word_1_93' title='bbox 481 2050 572 2108; x_wconf 88' lang='lat' dir='ltr'>micat</span> <span class='ocrx_word' id='word_1_94' title='bbox 585 2050 718 2121; x_wconf 89' lang='lat' dir='ltr'>auribus,</span> <span class='ocrx_word' id='word_1_95' title='bbox 735 2057 765 2108; x_wconf 91' lang='lat' dir='ltr'>et</span> <span class='ocrx_word' id='word_1_96' title='bbox 777 2049 877 2108; x_wconf 88' lang='lat' dir='ltr'>tremit</span> <span class='ocrx_word' id='word_1_97' title='bbox 890 2058 984 2123; x_wconf 84' lang='lat' dir='ltr'>artus,</span> 
     </span>
     <span class='ocr_line' id='line_1_15' title="bbox 181 2143 995 2225; baseline -0.001 -19"><span class='ocrx_word' id='word_1_98' title='bbox 181 2143 408 2222; x_wconf 80' lang='lat' dir='ltr'>Colleetumque</span> <span class='ocrx_word' id='word_1_99' title='bbox 423 2164 560 2225; x_wconf 89' lang='lat' dir='ltr'>premens</span> <span class='ocrx_word' id='word_1_100' title='bbox 574 2146 664 2204; x_wconf 84' lang='lat' dir='ltr'>volvit</span> <span class='ocrx_word' id='word_1_101' title='bbox 678 2147 734 2204; x_wconf 92' lang='lat' dir='ltr'>sub</span> <span class='ocrx_word' id='word_1_102' title='bbox 748 2147 871 2205; x_wconf 89' lang='lat' dir='ltr'>naribus</span> <span class='ocrx_word' id='word_1_103' title='bbox 886 2147 995 2225; x_wconf 84' lang='lat' dir='ltr'>ignem.</span> 
     </span>
     <span class='ocr_line' id='line_1_16' title="bbox 178 2236 991 2315; baseline 0 -17"><span class='ocrx_word' id='word_1_104' title='bbox 178 2237 284 2298; x_wconf 80' lang='lat' dir='ltr'>Densa</span> <span class='ocrx_word' id='word_1_105' title='bbox 300 2239 385 2315; x_wconf 87' lang='lat' dir='ltr'>juba,</span> <span class='ocrx_word' id='word_1_106' title='bbox 402 2247 431 2296; x_wconf 90' lang='lat' dir='ltr'>et</span> <span class='ocrx_word' id='word_1_107' title='bbox 445 2236 549 2297; x_wconf 85' lang='lat' dir='ltr'>dextro</span> <span class='ocrx_word' id='word_1_108' title='bbox 566 2240 682 2315; x_wconf 84' lang='lat' dir='ltr'>jactata</span> <span class='ocrx_word' id='word_1_109' title='bbox 695 2240 841 2299; x_wconf 86' lang='lat' dir='ltr'>recumbit</span> <span class='ocrx_word' id='word_1_110' title='bbox 855 2240 886 2297; x_wconf 89' lang='lat' dir='ltr'>in</span> <span class='ocrx_word' id='word_1_111' title='bbox 900 2258 991 2298; x_wconf 86' lang='lat' dir='ltr'>armo.</span> 
     </span>
     <span class='ocr_line' id='line_1_17' title="bbox 180 2331 942 2411; baseline 0 -21"><span class='ocrx_word' id='word_1_112' title='bbox 180 2332 219 2391; x_wconf 78' lang='lat' dir='ltr'>At</span> <span class='ocrx_word' id='word_1_113' title='bbox 233 2332 341 2410; x_wconf 82' lang='lat' dir='ltr'>duplex</span> <span class='ocrx_word' id='word_1_114' title='bbox 355 2331 455 2411; x_wconf 86' lang='lat' dir='ltr'>agitur</span> <span class='ocrx_word' id='word_1_115' title='bbox 467 2351 522 2409; x_wconf 91' lang='lat' dir='ltr'>per</span> <span class='ocrx_word' id='word_1_116' title='bbox 534 2333 650 2390; x_wconf 89' lang='lat' dir='ltr'>lumbos</span> <span class='ocrx_word' id='word_1_117' title='bbox 664 2333 749 2409; x_wconf 87' lang='lat' dir='ltr'>spina</span> <span class='ocrx_word' id='word_1_118' title='bbox 764 2351 772 2389; x_wconf 78' lang='lat' dir='ltr'>t</span> <span class='ocrx_word' id='word_1_119' title='bbox 794 2341 942 2410; x_wconf 82' lang='lat' dir='ltr'>cavatque</span> 
     </span>
     <span class='ocr_line' id='line_1_18' title="bbox 182 2425 987 2503; baseline 0 -19"><span class='ocrx_word' id='word_1_120' title='bbox 182 2425 344 2497; x_wconf 85' lang='lat' dir='ltr'>Tellurem,</span> <span class='ocrx_word' id='word_1_121' title='bbox 360 2433 390 2483; x_wconf 93' lang='lat' dir='ltr'>et</span> <span class='ocrx_word' id='word_1_122' title='bbox 403 2425 498 2483; x_wconf 88' lang='lat' dir='ltr'>solido</span> <span class='ocrx_word' id='word_1_123' title='bbox 512 2425 645 2502; x_wconf 84' lang='lat' dir='ltr'>graviter</span> <span class='ocrx_word' id='word_1_124' title='bbox 657 2433 743 2482; x_wconf 91' lang='lat' dir='ltr'>sonat</span> <span class='ocrx_word' id='word_1_125' title='bbox 757 2426 872 2503; x_wconf 88' lang='lat' dir='ltr'>ungula</span> <span class='ocrx_word' id='word_1_126' title='bbox 884 2443 987 2484; x_wconf 87' lang='lat' dir='ltr'>cornu.</span> 
     </span>
     <span class='ocr_line' id='line_1_19' title="bbox 182 2516 853 2597; baseline -0.003 -20"><span class='ocrx_word' id='word_1_127' title='bbox 182 2518 267 2577; x_wconf 88' lang='lat' dir='ltr'>Talis</span> <span class='ocrx_word' id='word_1_128' title='bbox 280 2518 428 2597; x_wconf 85' lang='lat' dir='ltr'>Amyclaei</span> <span class='ocrx_word' id='word_1_129' title='bbox 442 2516 569 2576; x_wconf 90' lang='lat' dir='ltr'>domitus</span> <span class='ocrx_word' id='word_1_130' title='bbox 582 2518 714 2576; x_wconf 81' lang='lat' dir='ltr'>Pollucis</span> <span class='ocrx_word' id='word_1_131' title='bbox 728 2517 853 2575; x_wconf 76' lang='lat' dir='ltr'>habenis</span> 
     </span>
     <span class='ocr_line' id='line_1_20' title="bbox 182 2608 928 2689; baseline -0.001 -18"><span class='ocrx_word' id='word_1_132' title='bbox 182 2611 333 2689; x_wconf 85' lang='lat' dir='ltr'>Cyllarus,</span> <span class='ocrx_word' id='word_1_133' title='bbox 349 2621 389 2683; x_wconf 89' lang='lat' dir='ltr'>et,</span> <span class='ocrx_word' id='word_1_134' title='bbox 407 2631 532 2687; x_wconf 91' lang='lat' dir='ltr'>quorum</span> <span class='ocrx_word' id='word_1_135' title='bbox 546 2611 633 2670; x_wconf 88' lang='lat' dir='ltr'>Graii</span> <span class='ocrx_word' id='word_1_136' title='bbox 647 2608 808 2670; x_wconf 70' lang='lat' dir='ltr'>meminire</span> <span class='ocrx_word' id='word_1_137' title='bbox 822 2612 928 2689; x_wconf 65' lang='lat' dir='ltr'>poetae,</span> 
     </span>
     <span class='ocr_line' id='line_1_21' title="bbox 180 2705 934 2783; baseline 0.001 -19"><span class='ocrx_word' id='word_1_138' title='bbox 180 2705 288 2764; x_wconf 84' lang='lat' dir='ltr'>Martis</span> <span class='ocrx_word' id='word_1_139' title='bbox 302 2707 371 2783; x_wconf 90' lang='lat' dir='ltr'>equi</span> <span class='ocrx_word' id='word_1_140' title='bbox 389 2705 519 2783; x_wconf 88' lang='lat' dir='ltr'>bijuges,</span> <span class='ocrx_word' id='word_1_141' title='bbox 535 2713 564 2762; x_wconf 89' lang='lat' dir='ltr'>et</span> <span class='ocrx_word' id='word_1_142' title='bbox 579 2705 679 2783; x_wconf 84' lang='lat' dir='ltr'>magni</span> <span class='ocrx_word' id='word_1_143' title='bbox 694 2724 801 2765; x_wconf 91' lang='lat' dir='ltr'>currus</span> <span class='ocrx_word' id='word_1_144' title='bbox 814 2705 934 2765; x_wconf 82' lang='lat' dir='ltr'>Achilli.</span> 
     </span>
     <span class='ocr_line' id='line_1_22' title="bbox 181 2797 882 2877; baseline 0.001 -20"><span class='ocrx_word' id='word_1_145' title='bbox 181 2799 264 2858; x_wconf 86' lang='lat' dir='ltr'>Talia</span> <span class='ocrx_word' id='word_1_146' title='bbox 277 2808 307 2859; x_wconf 89' lang='lat' dir='ltr'>et</span> <span class='ocrx_word' id='word_1_147' title='bbox 321 2801 385 2877; x_wconf 87' lang='lat' dir='ltr'>ipse</span> <span class='ocrx_word' id='word_1_148' title='bbox 402 2799 505 2876; x_wconf 88' lang='lat' dir='ltr'>jubam</span> <span class='ocrx_word' id='word_1_149' title='bbox 519 2798 639 2856; x_wconf 87' lang='lat' dir='ltr'>cervice</span> <span class='ocrx_word' id='word_1_150' title='bbox 653 2798 756 2857; x_wconf 85' lang='lat' dir='ltr'>effudit</span> <span class='ocrx_word' id='word_1_151' title='bbox 770 2797 882 2876; x_wconf 79' lang='lat' dir='ltr'>equimi</span> 
     </span>
     <span class='ocr_line' id='line_1_23' title="bbox 183 2891 912 2972; baseline -0.001 -20"><span class='ocrx_word' id='word_1_152' title='bbox 183 2892 328 2972; x_wconf 86' lang='lat' dir='ltr'>Coujugis</span> <span class='ocrx_word' id='word_1_153' title='bbox 343 2892 471 2951; x_wconf 88' lang='lat' dir='ltr'>adventu</span> <span class='ocrx_word' id='word_1_154' title='bbox 486 2891 590 2969; x_wconf 83' lang='lat' dir='ltr'>pernix</span> <span class='ocrx_word' id='word_1_155' title='bbox 604 2893 760 2964; x_wconf 87' lang='lat' dir='ltr'>Saturnus,</span> <span class='ocrx_word' id='word_1_156' title='bbox 777 2900 807 2952; x_wconf 89' lang='lat' dir='ltr'>et</span> <span class='ocrx_word' id='word_1_157' title='bbox 821 2893 912 2951; x_wconf 88' lang='lat' dir='ltr'>altum</span> 
     </span>
     <span class='ocr_line' id='line_1_24' title="bbox 180 2974 800 3064; baseline 0.003 -20"><span class='ocrx_word' id='word_1_158' title='bbox 180 2986 283 3045; x_wconf 90' lang='lat' dir='ltr'>Pelion</span> <span class='ocrx_word' id='word_1_159' title='bbox 298 2987 412 3045; x_wconf 88' lang='lat' dir='ltr'>hinnitu</span> <span class='ocrx_word' id='word_1_160' title='bbox 427 2986 544 3064; x_wconf 87' lang='lat' dir='ltr'>fugiens</span> <span class='ocrx_word' id='word_1_161' title='bbox 558 2974 688 3063; x_wconf 82' lang='lat' dir='ltr'>implevit</span> <span class='ocrx_word' id='word_1_162' title='bbox 702 2995 800 3046; x_wconf 87' lang='lat' dir='ltr'>acuto.</span> 
     </span>
    </p>

    <p class='ocr_par' dir='ltr' id='par_1_8' title="bbox 180 3079 1167 3439">
     <span class='ocr_line' id='line_1_25' title="bbox 218 3079 1167 3160; baseline 0 -22"><span class='ocrx_word' id='word_1_163' title='bbox 218 3080 312 3138; x_wconf 89' lang='lat' dir='ltr'>Hunc</span> <span class='ocrx_word' id='word_1_164' title='bbox 322 3098 450 3156; x_wconf 90' lang='lat' dir='ltr'>quoque,</span> <span class='ocrx_word' id='word_1_165' title='bbox 462 3079 511 3137; x_wconf 94' lang='lat' dir='ltr'>ubi</span> <span class='ocrx_word' id='word_1_166' title='bbox 524 3089 575 3138; x_wconf 91' lang='lat' dir='ltr'>aut</span> <span class='ocrx_word' id='word_1_167' title='bbox 585 3081 689 3138; x_wconf 90' lang='lat' dir='ltr'>morbo</span> <span class='ocrx_word' id='word_1_168' title='bbox 698 3081 809 3158; x_wconf 84' lang='lat' dir='ltr'>gravis,</span> <span class='ocrx_word' id='word_1_169' title='bbox 822 3089 873 3140; x_wconf 88' lang='lat' dir='ltr'>aut</span> <span class='ocrx_word' id='word_1_170' title='bbox 880 3082 943 3158; x_wconf 88' lang='lat' dir='ltr'>jam</span> <span class='ocrx_word' id='word_1_171' title='bbox 953 3079 1167 3160; x_wconf 85' lang='lat' dir='ltr'>segnioraunis</span> 
     </span>
     <span class='ocr_line' id='line_1_26' title="bbox 180 3172 1166 3252; baseline -0.001 -20"><span class='ocrx_word' id='word_1_172' title='bbox 180 3173 302 3245; x_wconf 86' lang='lat' dir='ltr'>Deficit,</span> <span class='ocrx_word' id='word_1_173' title='bbox 318 3173 393 3230; x_wconf 89' lang='lat' dir='ltr'>abde</span> <span class='ocrx_word' id='word_1_174' title='bbox 408 3172 494 3231; x_wconf 89' lang='lat' dir='ltr'>domo</span> <span class='ocrx_word' id='word_1_175' title='bbox 510 3192 518 3242; x_wconf 91' lang='lat'>3</span> <span class='ocrx_word' id='word_1_176' title='bbox 542 3193 599 3231; x_wconf 88' lang='lat' dir='ltr'>nec</span> <span class='ocrx_word' id='word_1_177' title='bbox 613 3174 692 3250; x_wconf 89' lang='lat' dir='ltr'>turpi</span> <span class='ocrx_word' id='word_1_178' title='bbox 706 3175 828 3252; x_wconf 86' lang='lat' dir='ltr'>ignosce</span> <span class='ocrx_word' id='word_1_179' title='bbox 843 3183 983 3234; x_wconf 84' lang='lat' dir='ltr'>senectae.</span> <span class='ocrx_word' id='word_1_180' title='bbox 1128 3176 1166 3231; x_wconf 87' lang='grc'>96</span> 
     </span>
     <span class='ocr_line' id='line_1_27' title="bbox 181 3264 989 3344; baseline 0.002 -20"><span class='ocrx_word' id='word_1_181' title='bbox 181 3266 321 3344; x_wconf 85' lang='lat' dir='ltr'>Frigidus</span> <span class='ocrx_word' id='word_1_182' title='bbox 335 3266 364 3324; x_wconf 88' lang='lat' dir='ltr'>in</span> <span class='ocrx_word' id='word_1_183' title='bbox 378 3264 529 3324; x_wconf 86' lang='lat' dir='ltr'>Venerem</span> <span class='ocrx_word' id='word_1_184' title='bbox 543 3266 653 3337; x_wconf 90' lang='lat' dir='ltr'>senior,</span> <span class='ocrx_word' id='word_1_185' title='bbox 669 3266 840 3344; x_wconf 77' lang='lat' dir='ltr'>frustraque</span> <span class='ocrx_word' id='word_1_186' title='bbox 855 3269 989 3327; x_wconf 86' lang='lat' dir='ltr'>laborem</span> 
     </span>
     <span class='ocr_line' id='line_1_28' title="bbox 182 3359 1078 3439; baseline 0.006 -22"><span class='ocrx_word' id='word_1_187' title='bbox 182 3361 336 3439; x_wconf 86' lang='lat' dir='ltr'>Ingratum</span> <span class='ocrx_word' id='word_1_188' title='bbox 348 3360 436 3418; x_wconf 85' lang='lat' dir='ltr'>trahit</span> <span class='ocrx_word' id='word_1_189' title='bbox 453 3380 461 3430; x_wconf 98' lang='lat'>3</span> <span class='ocrx_word' id='word_1_190' title='bbox 485 3369 525 3432; x_wconf 88' lang='lat' dir='ltr'>et,</span> <span class='ocrx_word' id='word_1_191' title='bbox 542 3361 567 3418; x_wconf 88' lang='lat' dir='ltr'>si</span> <span class='ocrx_word' id='word_1_192' title='bbox 583 3361 701 3436; x_wconf 87' lang='lat' dir='ltr'>quando</span> <span class='ocrx_word' id='word_1_193' title='bbox 716 3359 754 3418; x_wconf 88' lang='lat' dir='ltr'>ad</span> <span class='ocrx_word' id='word_1_194' title='bbox 769 3363 875 3439; x_wconf 79' lang='lat' dir='ltr'>proelia</span> <span class='ocrx_word' id='word_1_195' title='bbox 890 3370 1010 3420; x_wconf 86' lang='lat' dir='ltr'>ventum</span> <span class='ocrx_word' id='word_1_196' title='bbox 1023 3370 1078 3434; x_wconf 79' lang='lat' dir='ltr'>est,</span> 
     </span>
    </p>

    <p class='ocr_par' dir='ltr' id='par_1_9' title="bbox 180 3446 1168 4192">
     <span class='ocr_line' id='line_1_29' title="bbox 181 3446 1010 3531; baseline -0.001 -19"><span class='ocrx_word' id='word_1_197' title='bbox 181 3453 219 3511; x_wconf 91' lang='lat' dir='ltr'>Ut</span> <span class='ocrx_word' id='word_1_198' title='bbox 234 3453 382 3531; x_wconf 88' lang='lat' dir='ltr'>quondam</span> <span class='ocrx_word' id='word_1_199' title='bbox 401 3455 430 3512; x_wconf 92' lang='lat' dir='ltr'>in</span> <span class='ocrx_word' id='word_1_200' title='bbox 445 3454 561 3531; x_wconf 80' lang='lat' dir='ltr'>stipulis</span> <span class='ocrx_word' id='word_1_201' title='bbox 576 3472 703 3530; x_wconf 88' lang='lat' dir='ltr'>magnus</span> <span class='ocrx_word' id='word_1_202' title='bbox 717 3455 781 3511; x_wconf 89' lang='lat' dir='ltr'>sine</span> <span class='ocrx_word' id='word_1_203' title='bbox 796 3446 908 3512; x_wconf 85' lang='lat' dir='ltr'>viribus</span> <span class='ocrx_word' id='word_1_204' title='bbox 922 3453 1010 3530; x_wconf 90' lang='lat' dir='ltr'>ignis,</span> 
     </span>
     <span class='ocr_line' id='line_1_30' title="bbox 182 3546 1168 3624; baseline 0.002 -20"><span class='ocrx_word' id='word_1_205' title='bbox 182 3546 337 3606; x_wconf 86' lang='lat' dir='ltr'>Incassum</span> <span class='ocrx_word' id='word_1_206' title='bbox 350 3548 429 3607; x_wconf 84' lang='lat' dir='ltr'>furit.</span> <span class='ocrx_word' id='word_1_207' title='bbox 470 3547 555 3624; x_wconf 84' lang='lat' dir='ltr'>Ergo</span> <span class='ocrx_word' id='word_1_208' title='bbox 568 3547 681 3604; x_wconf 87' lang='lat' dir='ltr'>animos</span> <span class='ocrx_word' id='word_1_209' title='bbox 696 3561 851 3622; x_wconf 84' lang='lat' dir='ltr'>aevurnque</span> <span class='ocrx_word' id='word_1_210' title='bbox 866 3546 984 3604; x_wconf 89' lang='lat' dir='ltr'>notabis</span> <span class='ocrx_word' id='word_1_211' title='bbox 1114 3549 1168 3606; x_wconf 87' lang='lat'>100</span> 
     </span>
     <span class='ocr_line' id='line_1_31' title="bbox 180 3640 1021 3718; baseline -0.001 -18"><span class='ocrx_word' id='word_1_212' title='bbox 180 3641 336 3718; x_wconf 69' lang='lat' dir='ltr'>Praecipue</span> <span class='ocrx_word' id='word_1_213' title='bbox 353 3661 361 3711; x_wconf 92' lang='lat'>3</span> <span class='ocrx_word' id='word_1_214' title='bbox 384 3642 454 3699; x_wconf 89' lang='lat' dir='ltr'>hinc</span> <span class='ocrx_word' id='word_1_215' title='bbox 469 3641 544 3698; x_wconf 85' lang='lat' dir='ltr'>alias</span> <span class='ocrx_word' id='word_1_216' title='bbox 559 3647 650 3710; x_wconf 87' lang='lat' dir='ltr'>artes,</span> <span class='ocrx_word' id='word_1_217' title='bbox 668 3640 839 3716; x_wconf 88' lang='lat' dir='ltr'>prolemque</span> <span class='ocrx_word' id='word_1_218' title='bbox 854 3645 1021 3718; x_wconf 87' lang='lat' dir='ltr'>parentum,</span> 
     </span>
     <span class='ocr_line' id='line_1_32' title="bbox 184 3737 949 3815; baseline 0.001 -18"><span class='ocrx_word' id='word_1_219' title='bbox 184 3738 220 3796; x_wconf 77' lang='lat' dir='ltr'>Et</span> <span class='ocrx_word' id='word_1_220' title='bbox 235 3739 301 3815; x_wconf 88' lang='lat' dir='ltr'>quis</span> <span class='ocrx_word' id='word_1_221' title='bbox 315 3739 424 3815; x_wconf 90' lang='lat' dir='ltr'>cuique</span> <span class='ocrx_word' id='word_1_222' title='bbox 438 3738 523 3796; x_wconf 86' lang='lat' dir='ltr'>dolor</span> <span class='ocrx_word' id='word_1_223' title='bbox 536 3737 625 3806; x_wconf 80' lang='lat' dir='ltr'>victo,</span> <span class='ocrx_word' id='word_1_224' title='bbox 643 3756 709 3812; x_wconf 83' lang='lat' dir='ltr'>quae</span> <span class='ocrx_word' id='word_1_225' title='bbox 723 3737 820 3815; x_wconf 87' lang='lat' dir='ltr'>gloria</span> <span class='ocrx_word' id='word_1_226' title='bbox 834 3738 949 3815; x_wconf 82' lang='lat' dir='ltr'>palmae.</span> 
     </span>
     <span class='ocr_line' id='line_1_33' title="bbox 183 3832 991 3912; baseline 0.002 -22"><span class='ocrx_word' id='word_1_227' title='bbox 183 3832 287 3891; x_wconf 90' lang='lat' dir='ltr'>Nonne</span> <span class='ocrx_word' id='word_1_228' title='bbox 302 3833 395 3904; x_wconf 86' lang='lat' dir='ltr'>vides,</span> <span class='ocrx_word' id='word_1_229' title='bbox 414 3852 502 3910; x_wconf 91' lang='lat' dir='ltr'>quum</span> <span class='ocrx_word' id='word_1_230' title='bbox 518 3832 661 3909; x_wconf 77' lang='lat' dir='ltr'>praecipiti</span> <span class='ocrx_word' id='word_1_231' title='bbox 675 3832 837 3890; x_wconf 85' lang='lat' dir='ltr'>certamine</span> <span class='ocrx_word' id='word_1_232' title='bbox 853 3852 991 3912; x_wconf 83' lang='lat' dir='ltr'>campum</span> 
     </span>
     <span class='ocr_line' id='line_1_34' title="bbox 184 3923 927 4004; baseline 0.001 -20"><span class='ocrx_word' id='word_1_233' title='bbox 184 3923 376 4004; x_wconf 67' lang='lat' dir='ltr'>Corripuere,</span> <span class='ocrx_word' id='word_1_234' title='bbox 392 3933 539 4002; x_wconf 91' lang='lat' dir='ltr'>ruuntque</span> <span class='ocrx_word' id='word_1_235' title='bbox 553 3925 640 3984; x_wconf 86' lang='lat' dir='ltr'>effusi</span> <span class='ocrx_word' id='word_1_236' title='bbox 655 3945 778 3983; x_wconf 90' lang='lat' dir='ltr'>carcere</span> <span class='ocrx_word' id='word_1_237' title='bbox 797 3945 903 3985; x_wconf 92' lang='lat' dir='ltr'>currus</span> <span class='ocrx_word' id='word_1_238' title='bbox 919 3947 927 3996; x_wconf 95' lang='lat'>3</span> 
     </span>
     <span class='ocr_line' id='line_1_35' title="bbox 183 4018 1167 4098; baseline 0 -20"><span class='ocrx_word' id='word_1_239' title='bbox 183 4018 281 4086; x_wconf 78' lang='lat' dir='ltr'>Quum</span> <span class='ocrx_word' id='word_1_240' title='bbox 294 4039 364 4098; x_wconf 84' lang='lat' dir='ltr'>spes</span> <span class='ocrx_word' id='word_1_241' title='bbox 378 4028 504 4078; x_wconf 84' lang='lat' dir='ltr'>arrectae</span> <span class='ocrx_word' id='word_1_242' title='bbox 521 4019 675 4096; x_wconf 84' lang='lat' dir='ltr'>juvenum,</span> <span class='ocrx_word' id='word_1_243' title='bbox 692 4020 930 4096; x_wconf 79' lang='lat' dir='ltr'>exsultantiaque</span> <span class='ocrx_word' id='word_1_244' title='bbox 943 4020 1042 4081; x_wconf 87' lang='lat' dir='ltr'>haurit</span> <span class='ocrx_word' id='word_1_245' title='bbox 1112 4021 1167 4079; x_wconf 73' lang='lat'>106</span> 
     </span>
     <span class='ocr_line' id='line_1_36' title="bbox 183 4111 980 4192; baseline 0.003 -20"><span class='ocrx_word' id='word_1_246' title='bbox 183 4111 281 4172; x_wconf 88' lang='lat' dir='ltr'>Corda</span> <span class='ocrx_word' id='word_1_247' title='bbox 296 4134 390 4192; x_wconf 87' lang='lat' dir='ltr'>pavor</span> <span class='ocrx_word' id='word_1_248' title='bbox 402 4115 523 4192; x_wconf 88' lang='lat' dir='ltr'>pulsans</span> <span class='ocrx_word' id='word_1_249' title='bbox 540 4113 551 4169; x_wconf 76' lang='lat' dir='ltr'>i</span> <span class='ocrx_word' id='word_1_250' title='bbox 573 4113 614 4172; x_wconf 91' lang='lat' dir='ltr'>illi</span> <span class='ocrx_word' id='word_1_251' title='bbox 628 4114 737 4171; x_wconf 88' lang='lat' dir='ltr'>instant</span> <span class='ocrx_word' id='word_1_252' title='bbox 752 4117 877 4173; x_wconf 87' lang='lat' dir='ltr'>verbere</span> <span class='ocrx_word' id='word_1_253' title='bbox 891 4123 980 4189; x_wconf 88' lang='lat' dir='ltr'>torto,</span> 
     </span>
    </p>

    <p class='ocr_par' dir='ltr' id='par_1_10' title="bbox 98 4205 1166 4570">
     <span class='ocr_line' id='line_1_37' title="bbox 98 4205 897 4285; baseline 0.004 -22"><span class='ocrx_word' id='word_1_254' title='bbox 98 4228 101 4243; x_wconf 91' lang='lat'><strong>·</strong></span> <span class='ocrx_word' id='word_1_255' title='bbox 186 4205 220 4264; x_wconf 78' lang='lat' dir='ltr'>m</span> <span class='ocrx_word' id='word_1_256' title='bbox 234 4208 317 4285; x_wconf 88' lang='lat' dir='ltr'>proni</span> <span class='ocrx_word' id='word_1_257' title='bbox 331 4208 402 4265; x_wconf 88' lang='lat' dir='ltr'>dant</span> <span class='ocrx_word' id='word_1_258' title='bbox 415 4208 482 4266; x_wconf 89' lang='lat' dir='ltr'>lora</span> <span class='ocrx_word' id='word_1_259' title='bbox 496 4227 503 4277; x_wconf 88' lang='lat'>3</span> <span class='ocrx_word' id='word_1_260' title='bbox 528 4208 606 4266; x_wconf 87' lang='lat' dir='ltr'>volat</span> <span class='ocrx_word' id='word_1_261' title='bbox 621 4207 650 4266; x_wconf 88' lang='lat' dir='ltr'>vi</span> <span class='ocrx_word' id='word_1_262' title='bbox 664 4207 795 4266; x_wconf 82' lang='lat' dir='ltr'>fervidus</span> <span class='ocrx_word' id='word_1_263' title='bbox 809 4209 873 4266; x_wconf 84' lang='lat' dir='ltr'>axis</span> <span class='ocrx_word' id='word_1_264' title='bbox 889 4227 897 4278; x_wconf 94' lang='lat'>3</span> 
     </span>
     <span class='ocr_line' id='line_1_38' title="bbox 183 4298 979 4378; baseline 0.005 -20"><span class='ocrx_word' id='word_1_265' title='bbox 183 4298 307 4378; x_wconf 84' lang='lat' dir='ltr'>Jamque</span> <span class='ocrx_word' id='word_1_266' title='bbox 327 4301 464 4372; x_wconf 88' lang='lat' dir='ltr'>humiles,</span> <span class='ocrx_word' id='word_1_267' title='bbox 483 4301 603 4378; x_wconf 87' lang='lat' dir='ltr'>jamque</span> <span class='ocrx_word' id='word_1_268' title='bbox 618 4301 689 4359; x_wconf 90' lang='lat' dir='ltr'>elati</span> <span class='ocrx_word' id='word_1_269' title='bbox 702 4301 827 4360; x_wconf 74' lang='lat' dir='ltr'>sublime</span> <span class='ocrx_word' id='word_1_270' title='bbox 842 4301 979 4362; x_wconf 84' lang='lat' dir='ltr'>videntur</span> 
     </span>
     <span class='ocr_line' id='line_1_39' title="bbox 183 4393 1004 4474; baseline 0.007 -24"><span class='ocrx_word' id='word_1_271' title='bbox 183 4393 261 4453; x_wconf 71' lang='lat' dir='ltr'>Aera</span> <span class='ocrx_word' id='word_1_272' title='bbox 275 4414 331 4473; x_wconf 91' lang='lat' dir='ltr'>per</span> <span class='ocrx_word' id='word_1_273' title='bbox 344 4413 472 4454; x_wconf 85' lang='lat' dir='ltr'>vacuum</span> <span class='ocrx_word' id='word_1_274' title='bbox 486 4394 567 4466; x_wconf 87' lang='lat' dir='ltr'>ferri,</span> <span class='ocrx_word' id='word_1_275' title='bbox 584 4404 673 4472; x_wconf 88' lang='lat' dir='ltr'>atque</span> <span class='ocrx_word' id='word_1_276' title='bbox 688 4414 847 4474; x_wconf 88' lang='lat' dir='ltr'>assurgere</span> <span class='ocrx_word' id='word_1_277' title='bbox 861 4397 891 4455; x_wconf 92' lang='lat' dir='ltr'>in</span> <span class='ocrx_word' id='word_1_278' title='bbox 905 4416 1004 4457; x_wconf 84' lang='lat' dir='ltr'>auras.</span> 
     </span>
     <span class='ocr_line' id='line_1_40' title="bbox 183 4486 1166 4570; baseline 0.004 -23"><span class='ocrx_word' id='word_1_279' title='bbox 183 4486 246 4548; x_wconf 82' lang='lat' dir='ltr'>Nec</span> <span class='ocrx_word' id='word_1_280' title='bbox 258 4509 355 4561; x_wconf 86' lang='lat' dir='ltr'>mora,</span> <span class='ocrx_word' id='word_1_281' title='bbox 371 4509 428 4549; x_wconf 90' lang='lat' dir='ltr'>nec</span> <span class='ocrx_word' id='word_1_282' title='bbox 441 4492 561 4570; x_wconf 83' lang='lat' dir='ltr'>requies</span> <span class='ocrx_word' id='word_1_283' title='bbox 575 4509 583 4562; x_wconf 95' lang='lat'>3</span> <span class='ocrx_word' id='word_1_284' title='bbox 606 4500 637 4549; x_wconf 88' lang='lat' dir='ltr'>at</span> <span class='ocrx_word' id='word_1_285' title='bbox 655 4491 742 4552; x_wconf 80' lang='lat' dir='ltr'>fulvae</span> <span class='ocrx_word' id='word_1_286' title='bbox 757 4494 873 4553; x_wconf 90' lang='lat' dir='ltr'>nimbus</span> <span class='ocrx_word' id='word_1_287' title='bbox 887 4513 987 4553; x_wconf 84' lang='lat' dir='ltr'>arenae</span> <span class='ocrx_word' id='word_1_288' title='bbox 1110 4494 1166 4552; x_wconf 88' lang='grc'>110</span> 
     </span>
    </p>
   </div>
   <div class='ocr_carea' id='block_1_3' title="bbox 0 0 1357 5122">
    <p class='ocr_par' dir='ltr' id='par_1_11' title="bbox 0 0 1357 5122">
     <span class='ocr_line' id='line_1_41' title="bbox 0 0 1357 5122; baseline 0 0"><span class='ocrx_word' id='word_1_289' title='bbox 0 0 1357 5122; x_wconf 95' lang='lat' dir='ltr'> </span> 
     </span>
    </p>
   </div>
  </div>
 </body>
</html>
