2692 5122
224 410 279 466 136
506 400 534 447 Ρ.
555 398 723 447 vlnerum
740 399 913 448 Maeoms

258 541 376 600 Bellum
390 539 478 597 etiam
494 558 547 616 pro
561 537 644 597 caede
657 539 746 597 houm
760 539 919 615 stratisque
935 536 1085 616 juvencis,

219 632 492 704 Laomedontiadas,
509 633 658 691 bellumne
672 631 782 690 inferre
797 633 918 710 paratis,

217 727 259 787 Et
274 726 368 805 patrio
382 726 537 803 Harpyias
551 725 683 783 insontes
697 725 809 803 pellere
823 744 916 804 regno
931 725 942 782 ?

217 823 356 899 Accipite
371 840 454 898 ergo,
473 820 578 878 animis
592 827 681 896 atque
695 819 761 878 haec
774 838 841 877 mea
856 820 936 897 figite
951 818 1050 877 dicta:
1143 820 1204 878 250

218 915 295 983 Qum
309 915 424 973 Phoebo
440 911 532 972 Pater
545 913 740 991 omnipotens,
756 914 826 972 mibi
839 912 972 971 Phoebus
986 911 1093 990 Apollo

217 1006 366 1079 Praedixit,
384 1007 467 1066 vobis
481 1007 641 1065 Furiarum
655 1025 712 1084 ego
726 1007 853 1065 maxima
870 1006 976 1083 pande.

216 1102 333 1162 ltaliam
348 1122 438 1160 cursu
453 1102 562 1179 petitis,
580 1101 735 1177 ventisque
750 1101 864 1159 vocatis

215 1196 301 1255 Ibitis
314 1194 441 1266 Italiam,
459 1203 620 1272 portusque
635 1194 746 1252 intrare
760 1195 878 1253 licebit:

215 1290 274 1349 Sed
289 1310 348 1348 non
362 1289 429 1347 antd
445 1289 542 1347 datam
557 1289 684 1367 cingetis
697 1289 845 1347 moenibus
860 1289 974 1359 urbem,

215 1382 315 1452 Quom
329 1402 381 1442 vos
395 1382 461 1440 dira
475 1382 567 1440 sames
582 1390 751 1459 nostraeque
765 1382 873 1458 injuria
887 1381 979 1441 caedis

213 1479 361 1537 Ambcsss
375 1476 494 1554 subigat
508 1475 594 1533 malis
608 1477 766 1533 absumere
781 1495 909 1534 mensas.

252 1571 347 1643 Dixit,
364 1577 393 1628 et
407 1570 437 1628 in
451 1570 555 1628 silvam
570 1569 674 1646 pennis
689 1569 789 1626 ablata
802 1570 921 1648 refugit.

213 1664 256 1726 At
269 1665 358 1724 sociis
372 1662 472 1723 subitd
484 1662 601 1741 gelidus
615 1662 769 1721 formidine
783 1663 906 1740 sanguis

210 1759 344 1837 Diriguit
358 1777 366 1828 3
390 1755 528 1817 cecidere
543 1756 654 1826 animi;
678 1776 735 1814 nec
751 1757 815 1833 jam
830 1756 956 1834 amplius
969 1755 1069 1829 armis,

213 1853 272 1912 Sed
287 1852 362 1910 votis
376 1851 574 1929 precibusque
591 1849 697 1926 jubent
711 1869 874 1928 exposcere
889 1868 1004 1928 pacem,

213 1946 282 2006 Sive
297 1945 372 2016 deae,
389 1964 442 2003 seu
456 1945 515 2003 sint
528 1943 600 2001 dirae
615 1944 826 2022 obscoenaeque
841 1945 989 2002 volucres.

210 2038 251 2098 Et
265 2046 351 2118 pater
363 2038 522 2109 Anchises,
539 2036 636 2115 passis
649 2037 686 2095 de
700 2037 798 2095 littore
813 2037 928 2114 palmis,

210 2131 342 2191 Numina
357 2150 464 2209 magne
479 2140 577 2202 vocat,
593 2130 774 2206 meritosque
789 2130 890 2189 indicit
905 2131 1052 2189 honores:

210 2224 264 2295 Dr,
282 2225 434 2302 prohibete
449 2224 565 2294 minas3
590 2222 631 2296 dl,
647 2224 737 2281 talem
752 2224 877 2282 avertite
892 2242 995 2282 cesum
1009 2241 1017 2293 ;

209 2317 251 2377 Et
265 2317 373 2394 placidi
386 2326 504 2375 servate
519 2316 583 2395 pios
598 2320 605 2374 l
646 2318 724 2375 Tum
738 2316 836 2375 littore
851 2316 950 2374 sunem

209 2410 589 2488 Deripere,·excussosque
605 2411 691 2487 jubet
705 2411 807 2469 laxare
822 2411 973 2469 rudentes.

176 2464 350 2562 ⁴'I'eudunt
364 2504 431 2561 vela
445 2503 516 2563 Noti
531 2523 539 2574 ;
564 2503 686 2562 ferimur
699 2504 904 2581 spumantibus
919 2503 1015 2574 undis,

211 2595 283 2665 Qut
297 2616 416 2654 cursum
432 2605 597 2674 ventusque
611 2598 852 2675 gubernatorque
868 2599 1026 2655 vocabant.

209 2689 279 2749 Jsm
294 2691 390 2748 medio
405 2698 527 2767 apparet
543 2690 634 2748 fluctu
649 2708 805 2747 nemorosa
819 2689 1003 2766 Zacynthos,

208 2782 453 2860 Dulichiumque,
471 2782 630 2858 Sameque,
646 2791 675 2839 et
688 2781 812 2840 Neritos
826 2782 921 2840 ardua
934 2781 1023 2840 saxis.

209 2876 378 2955 Effugimus
392 2877 530 2953 scopulos
545 2875 668 2944 Ithacae,
684 2874 808 2934 Laertie
820 2895 926 2953 regna,

208 2969 249 3028 Et
264 2979 373 3028 terram
388 2970 521 3027 altricem
536 2969 608 3028 suevi
622 2988 798 3028 execramur
811 2968 940 3047 Ulyssei.

208 3062 280 3122 Mox
295 3072 324 3121 et
337 3063 482 3122 Leucatae
497 3064 631 3121 nimbosa
645 3064 801 3122 cacumina
815 3062 932 3134 montis,

207 3155 248 3215 Et
263 3157 435 3215 formidatus
449 3158 548 3215 nautis
563 3157 695 3236 aperitur
708 3158 824 3234 Apollo.

207 3248 300 3307 Hunc
316 3250 441 3326 petimus
456 3249 537 3320 sessi,
553 3258 583 3308 et
598 3270 697 3327 pervae
712 3249 899 3309 succedimus
913 3249 989 3309 urbi.

207 3342 349 3400 Anchora
362 3341 399 3398 de
414 3340 504 3418 prore
519 3341 631 3415 jacitur
647 3362 655 3411 ;
678 3351 757 3400 stant
770 3343 867 3401 littore
884 3362 1005 3421 puppes.

246 3433 331 3512 Ergo
346 3431 498 3509 insperate
511 3432 631 3490 tandem
643 3434 749 3492 tellure
765 3435 857 3510 potiti,

206 3525 445 3601 Lustramurque
459 3524 538 3596 Jovi,
556 3525 690 3600 votisque
705 3526 888 3586 incendimus
902 3547 980 3601 aras,

205 3620 355 3695 Actiaque
370 3618 471 3675 Iliacis
486 3618 673 3676 celebramus
687 3618 787 3676 littora
800 3620 886 3681 ludis.

205 3712 358 3772 Exercent
373 3711 485 3789 patries
500 3711 567 3768 oleo
581 3711 700 3769 labente
715 3713 870 3788 palaestras

206 3805 318 3866 Nudati
332 3806 415 3864 socii.
456 3805 547 3862 Juvat
563 3804 694 3863 evasisse
708 3813 751 3864 tot
766 3809 855 3866 urbes

205 3899 376 3976 Argolicas,
391 3897 563 3973 mediosque
578 3897 679 3975 fugam
693 3901 825 3958 tenuisse
841 3922 894 3979 per
906 3902 1017 3962 hostes.

206 3991 327 4051 Interea
340 4010 479 4068 magnum
493 3990 537 4047 sol
552 3989 794 4051 circumvolvitur
808 4015 929 4067 annum,

204 4084 244 4145 Et
260 4083 397 4162 glacialis
411 4083 505 4141 hiems
519 4084 718 4158 Aquilonibus
733 4097 852 4164 asperet
868 4088 972 4148 undas.

205 4178 283 4240 AEre
298 4197 373 4237 cavo
388 4178 537 4256 clypeum,
553 4179 653 4257 magni
666 4189 822 4258 gestamen
836 4183 975 4255 Abantis,
