2692 5122
509 787 682 838 AENEIDOS
702 787 772 836 tls.
788 788 851 837 x11.

177 927 264 989 Totae
280 927 355 987 aded
371 948 524 987 conversas
539 930 632 1000 acies,
649 942 810 1006 omnesque
825 928 927 987 Latini

178 1024 291 1083 Omnes
305 1023 499 1094 Dardanidae,
517 1023 708 1093 Mnestheus,
725 1043 855 1099 acerque
872 1025 1020 1094 Serestus,

177 1117 218 1176 Et
231 1116 393 1195 Messapus
407 1119 516 1193 equum
531 1117 666 1187 domitor,
683 1127 712 1174 et
727 1117 810 1174 sortis
824 1118 945 1193 Asylas,
1108 1118 1167 1176 550

177 1210 406 1287 Tuscorumque
421 1212 560 1288 phalanx,
577 1211 770 1286 Evandrique
784 1210 922 1267 Arcades
937 1211 994 1269 ale
1010 1229 1017 1267 :

177 1304 237 1364 Pro
251 1325 284 1362 ee
300 1305 436 1381 quisque,
454 1307 508 1363 viri
523 1304 639 1363 summai
653 1306 785 1362 nituntur
799 1324 887 1381 opum
901 1305 939 1364 vi.

177 1398 245 1457 Nec
259 1418 353 1469 mora,
370 1418 426 1456 nec
440 1400 580 1474 requies:
604 1407 688 1455 vasto
704 1398 866 1455 certamine
880 1397 1012 1456 tendunt.

216 1490 280 1549 Hic
294 1500 423 1550 mentem
438 1492 547 1550 AEneae
563 1493 699 1568 genetrix
716 1492 915 1568 pulcherrima
928 1491 1016 1561 misit,

179 1583 239 1643 Iret
253 1593 284 1642 ut
299 1585 336 1642 ad
350 1604 464 1654 muros,
478 1586 603 1660 urbique
619 1584 788 1642 adverteret
802 1603 910 1661 agmen
1108 1585 1166 1643 566

179 1677 282 1748 Ociirs,
300 1686 330 1735 et
345 1678 445 1735 subita
458 1680 593 1736 turbaret
607 1678 693 1735 clade
707 1677 842 1735 Latinos.

178 1770 244 1841 Ille,
262 1780 293 1829 ut
307 1771 461 1848 vestigans
475 1771 594 1828 diversa
608 1791 662 1849 per
675 1772 795 1848 agmina
808 1771 954 1841 Turnum,

176 1863 249 1922 Huc
264 1873 354 1939 atque
368 1864 427 1921 huc
442 1865 523 1921 acies
538 1865 728 1935 circumtulit,
745 1865 871 1941 adspicit
886 1866 991 1922 urbem

177 1956 340 2015 Immunem
354 1958 427 2014 tanti
442 1958 512 2015 belli
526 1967 615 2034 atquc
630 1958 748 2035 impunis
765 1960 904 2035 quietam.

176 2049 328 2111 Continud
344 2070 451 2128 pugnae
465 2052 601 2108 accendit
617 2053 736 2127 majoris
751 2056 859 2129 imago.
1108 2052 1167 2110 660

156 2217 158 2221 ,
175 2142 346 2213 Mnesthea,
365 2146 597 2221 Sergestumque
614 2158 711 2215 vocat,
728 2145 895 2221 sortemque
912 2147 1075 2218 Serestum,

175 2235 337 2307 Ductores,
354 2238 557 2312 tumulumque
572 2239 652 2314 capit
666 2258 673 2307 ;
700 2238 757 2314 qud
772 2247 884 2296 caetera
898 2235 1051 2297 Teucrum

176 2329 339 2390 Concurrit
354 2331 434 2408 legio
451 2350 457 2399 ;
482 2351 538 2389 nec
553 2341 639 2388 scuta
652 2342 704 2389 aut
718 2333 834 2408 spicula
848 2332 933 2390 densi

176 2423 348 2502 Deponunt.
392 2425 484 2484 Celso
501 2425 613 2482 medius
629 2435 710 2483 stans
725 2446 838 2502 aggere
854 2427 954 2484 satur:

175 2517 286 2594 Nequa
299 2520 372 2576 meis
391 2530 454 2575 esto
469 2518 555 2576 dictis
570 2539 653 2576 mora
668 2538 674 2574 :
696 2519 815 2594 Jupiter
830 2518 888 2576 haic
903 2527 970 2577 stat.

175 2610 244 2669 Neu
261 2612 325 2687 quis
340 2614 377 2669 ob
392 2612 542 2688 inceptum
556 2613 685 2669 subitum
699 2612 769 2669 mihi
783 2613 905 2689 segnior
918 2613 968 2671 ito.

176 2703 288 2762 Urbem
302 2705 399 2776 hodie,
417 2725 539 2763 causam
556 2706 635 2777 belli,
652 2725 746 2783 regna
762 2706 825 2782 ipsa
839 2705 951 2777 Latini,

176 2796 218 2856 Ni
233 2799 358 2856 t'roenum
374 2800 514 2876 accipere
530 2809 558 2856 et
574 2800 643 2856 victi
659 2820 764 2876 parcre
781 2800 919 2870 latentur,

175 2891 301 2962 Eruam,
318 2901 347 2948 et
361 2913 448 2967 aequa
462 2893 525 2949 solo
540 2893 683 2950 fumantia
698 2893 827 2950 culmina
841 2913 957 2969 ponam.

176 2985 297 3042 Scilicet
313 2997 494 3062 exspectem,
512 2987 602 3044 libeat
618 2987 687 3044 dum
701 2988 807 3064 proelia
824 2987 929 3045 Turno

175 3078 288 3137 Nostra
303 3080 373 3156 pati,
391 3100 554 3156 rursusque
571 3083 640 3139 velit
654 3101 835 3138 concurrere
851 3081 971 3139 victus?

176 3170 246 3229 Hoc
260 3184 360 3248 caput,
377 3174 499 3244 ocives,
517 3174 582 3232 haec
597 3176 665 3232 belli
681 3195 795 3232 summa
810 3176 938 3234 nefandi.

176 3265 267 3322 Ferte
283 3266 366 3323 sacas
381 3268 516 3344 propere,
532 3268 688 3343 soedusque
708 3270 855 3344 reposcite
871 3268 1005 3327 flammis.

177 3358 303 3416 Dixerat
317 3379 324 3429 ς
350 3369 438 3436 atque
454 3362 557 3418 animis
572 3362 683 3437 pariter
698 3362 881 3418 certantibus
895 3380 998 3418 omnes

176 3451 258 3510 Dant
273 3473 412 3523 cuneum,
430 3453 583 3529 densique
599 3454 635 3510 ad
651 3474 750 3511 muros
765 3455 840 3511 mole
856 3455 999 3511 seruntur.
1107 3456 1165 3512 575

178 3547 273 3604 Scalae
288 3547 457 3624 improvisi),
474 3547 648 3622 subitusque
664 3548 801 3624 apparuit
816 3548 902 3623 ignis.

178 3639 358 3698 Discurrunt
374 3641 425 3697 alii
439 3640 476 3697 ad
491 3649 601 3717 portas,
619 3642 786 3718 primosque
803 3641 974 3710 trucidant3

178 3731 303 3790 Ferrum
318 3734 368 3790 alii
383 3743 531 3809 torquent,
549 3744 577 3791 et
592 3736 767 3791 obumbrant
782 3735 894 3792 aethera
908 3735 984 3793 telis.

178 3825 244 3902 lpse
259 3828 335 3884 inter
350 3827 459 3904 primos
474 3828 607 3884 dextram
626 3830 680 3885 sub
695 3829 803 3885 moenia
817 3829 909 3886 tendit

177 3919 305 3990 AEneas‚
323 3920 491 3998 magnaque
506 3922 622 3979 incusat
638 3942 711 3979 voce
725 3921 867 3979 Latinum
882 3941 888 3978 τ

177 4011 378 4088 Testaturque
393 4015 465 4071 deos
480 4016 586 4072 iterum
600 4035 632 4073 se
647 4016 684 4072 ad
701 4016 805 4092 proelia
820 4016 899 4092 cogi,

178 4105 229 4164 Bis
239 4108 302 4182 jain
317 4107 408 4166 Italos
423 4109 533 4179 hostes,
550 4110 616 4167 hvnc
631 4111 725 4167 altera
741 4110 855 4167 loedera
869 4111 972 4188 rumpi.

177 4200 319 4259 Exoritur
332 4204 462 4280 trepidos
477 4205 553 4261 inter
567 4205 715 4262 discordia
729 4205 811 4262 cives
825 4224 831 4261 :

177 4294 288 4353 Urbem
304 4296 354 4353 alii
368 4317 503 4354 reserare
521 4299 637 4372 jubent,
654 4307 683 4355 et
700 4299 828 4374 pandere
844 4308 944 4376 portas

176 4387 368 4460 Dardanidis,
386 4391 539 4466 ipsumque
555 4391 674 4448 trahunt
689 4393 718 4448 in
732 4393 843 4450 moenia
857 4412 961 4469 regem
975 4412 983 4463 ;
1105 4395 1162 4451 585

177 4484 269 4540 Arma
284 4484 381 4541 ferunt
396 4485 456 4555 alii,
473 4495 502 4543 et
517 4496 643 4563 pergunt
659 4486 817 4543 defendere
833 4507 941 4546 muros.

178 4574 316 4635 Inclusas
331 4585 361 4634 ut
377 4597 466 4652 quum
479 4579 627 4637 latebroso
643 4581 672 4637 in
687 4581 802 4656 pumice
818 4589 919 4657 pastor
