2692 5122
428 766 628 816 Buconica
663 768 744 816 ECL.
768 767 831 815 vu

137 905 211 978 Aut,
226 903 252 963 si
265 903 345 965 ultre
358 905 498 984 pisoitom
511 905 650 980 isuddrit,
665 908 797 966 baccare
810 905 938 964 frontem

139 998 273 1080 cingite,
289 1018 328 1059 ne
342 1000 402 1060 veti
416 1008 523 1060 nocent
536 1002 616 1061 mels
629 1002 733 1082 lingue
745 1001 855 1060 sutoro.

556 1176 708 1219 conrodit.

139 1280 237 1340 Seiosi
250 1289 341 1360 osput
354 1281 412 1341 hoo
426 1281 490 1362 npri
503 1282 567 1355 tibi,
582 1281 684 1355 Delie,
701 1299 812 1360 pervus

138 1373 180 1434 Et
193 1393 312 1434 rnmose
324 1374 428 1435 Micon
440 1375 555 1435 vivnois
568 1394 684 1435 cornua
697 1375 789 1434 cervi.

139 1468 172 1528 si
186 1469 336 1548 proprium
349 1469 407 1529 hoo
420 1469 520 1541 suerit,
536 1469 595 1527 levi
608 1468 647 1528 de
661 1486 807 1528 marmore
820 1474 884 1526 toto

138 1560 273 1622 Puniceo
286 1563 381 1622 stabis
393 1582 480 1622 sures
494 1562 614 1622 evincta
627 1561 783 1621 cothurno.

561 1737 701 1778 Turesis.

141 1841 244 1900 Sinum
257 1841 343 1901 lectis
356 1849 387 1901 et
400 1841 465 1902 hiso
478 1848 508 1902 te
521 1841 592 1914 libe,
608 1840 729 1921 Priape,
746 1838 904 1918 quotannis

139 1933 325 2013 Exspeetsro
339 1944 387 1994 snt
400 1943 464 1994 est:
488 1944 590 1995 oustos
601 1954 636 1994 es
649 1935 790 2014 properis
803 1933 891 1993 honi.

139 2026 230 2087 Nune
242 2035 274 2088 ie
287 2047 484 2088 marmoreum
498 2048 552 2107 pro
565 2040 698 2108 tempore
712 2028 837 2088 fecimus
852 2047 861 2098 3
885 2033 916 2087 nt
927 2034 973 2101 io,

140 2120 172 2180 Si
186 2120 284 2181 ieturs
296 2140 421 2202 gregem
434 2123 626 2201 suppleverit,
642 2141 753 2182 oureus
766 2129 841 2182 esto.

556 2299 708 2340 CORYDON.

139 2399 253 2460 Nerine
266 2400 407 2474 Geletee,
422 2402 524 2480 thymo
537 2403 609 2460 mihi
622 2402 738 2462 dulcior
750 2400 872 2479 Hyblae,

140 2492 304 2554 Candidior
316 2496 431 2573 cycnis,
448 2494 562 2553 hederd
575 2493 732 2559 formosior
744 2492 815 2551 albis
830 2511 839 2562 ς

140 2584 242 2653 Quum
255 2586 380 2666 primdm
394 2588 472 2666 posti
485 2595 621 2665 repetent
635 2585 781 2664 praesepis
794 2585 882 2660 tauri,

140 2679 173 2738 Si
186 2699 246 2757 qno
257 2682 301 2741 tui
316 2681 487 2759 Corydonis
500 2682 590 2740 hebet
604 2688 634 2740 te
648 2699 733 2753 oure,
749 2679 859 2739 venito.

460 2900 465 2907 ,
560 2857 700 2898 masis.

139 2960 231 3021 Immo
245 2980 303 3041 ego
317 2961 440 3021 Sardois
453 2960 557 3020 videar
567 2962 622 3021 tibi
636 2961 764 3021 amarior
777 2960 889 3033 herbis,

139 3053 298 3114 Horridior
317 3074 417 3127 rusco,
433 3053 567 3133 projeotd
579 3056 666 3114 vilior
680 3052 759 3134 rigi,

139 3147 254 3208 simini
268 3166 327 3206 non
340 3147 406 3207 haec
419 3148 469 3207 lux
482 3157 544 3207 toto
554 3149 616 3225 jam
630 3148 747 3227 longior
760 3166 839 3207 enno
852 3155 908 3206 est.

139 3239 184 3300 Ite
197 3239 326 3313 domum,
342 3241 428 3320 pesti,
444 3243 470 3301 si
485 3243 551 3319 quis
565 3239 670 3319 pudor,
686 3241 726 3300 ite
736 3240 868 3317 juvenci.

555 3415 707 3457 CORYDON.

138 3519 273 3581 Muscosi
286 3520 393 3593 fontes,
408 3530 438 3580 et
452 3540 556 3579 somno
570 3520 686 3579 mollior
697 3519 801 3591 herbe,

139 3613 178 3673 Et
193 3633 260 3691 quae
274 3634 328 3674 vos
340 3613 412 3674 reri
425 3614 527 3673 viridis
537 3614 611 3693 tegit
626 3614 749 3672 arbutus
764 3609 880 3685 umbris,

139 3708 300 3767 Solstitium
315 3709 416 3786 pecori
430 3707 579 3767 defendite
595 3727 602 3766 :
620 3694 778 3786 jsm'venit
791 3715 881 3766 testes

138 3801 277 3874 Torride,
289 3802 351 3879 jorn
365 3801 433 3862 laeto
446 3810 567 3883 turgent
581 3803 611 3862 in
625 3803 744 3881 palmite
758 3821 895 3881 gemme.

561 3979 701 4020 Turesis.

139 4080 201 4141 Hic
214 4082 301 4142 iocus
314 4089 344 4143 et
356 4082 444 4144 toedae
459 4083 585 4162 pingues
601 4102 609 4152 ;
634 4082 683 4142 hio
698 4081 842 4161 plurimus
855 4079 933 4160 ignis

140 4174 271 4253 Semper,
287 4183 318 4235 et
332 4176 454 4236 assidui
468 4184 567 4255 postes
581 4176 703 4255 fuligine
718 4175 795 4254 nigri
809 4193 817 4232 t

139 4265 202 4327 Hie
213 4270 328 4329 tentirm
342 4270 449 4330 Boreae
464 4290 603 4330 curemus
617 4270 740 4348 frigore,
758 4267 901 4345 quentiun

140 4361 200 4422 Ant
213 4381 369 4424 numerum
382 4365 481 4442 lupus,
497 4374 549 4423 out
562 4364 706 4423 torrentis
720 4362 842 4422 flumine
859 4362 947 4441 ripes.

556 4539 709 4582 CORYDON.

141 4640 226 4703 Sient
238 4649 269 4704 et
278 4642 421 4725 juniperi,
436 4651 631 4796 pomaeo
643 4644 766 4705 hirsute
781 4661 791 4715 ς

890 4751 912 4794 1,
942 4765 945 4768 ,
