2692 5122
487 745 711 795 osonolcon
731 748 862 796 utn1v.

173 884 407 962 Purpureusque
421 891 534 943 metunt
547 885 647 958 flores,
664 896 694 945 et
708 886 830 946 flumina
841 888 936 947 libant

175 980 295 1038 Summa
307 979 400 1037 leves.
443 977 537 1050 Hinc,
554 981 657 1038 nescio
673 980 733 1057 qud
746 981 904 1040 dulcedine
918 982 1006 1054 laetas,

174 1072 353 1151 Progeniem
366 1072 512 1149 nidosque
527 1073 627 1132 fovent
643 1093 649 1131 :
673 1075 742 1133 bino
757 1084 820 1133 arte
835 1083 973 1134 recentes

174 1166 334 1225 Excudunt
347 1185 447 1238 ceras,
463 1176 493 1226 et
507 1168 596 1226 mella
608 1169 728 1232 tenacia
742 1169 866 1247 lingunt.

213 1259 307 1333 Hinc,
323 1260 374 1318 ubi
390 1261 454 1337 jam
468 1262 609 1319 emissum
623 1263 726 1320 caveis
739 1263 777 1319 ad
791 1263 890 1321 sidera
905 1263 976 1322 coeli

176 1355 256 1414 Nare
272 1375 325 1433 per
339 1363 474 1413 aestatem
488 1355 628 1432 liquidam
643 1357 813 1433 suspexeris
828 1375 946 1434 agmen,

176 1448 403 1524 Obscuramque
418 1448 496 1507 trahi
511 1457 598 1507 vento
612 1450 760 1508 mirabere
775 1451 894 1522 nubem,
943 1432 950 1464 ¹

176 1540 401 1619 Contemplator
414 1562 421 1611 ;
447 1563 541 1620 aquas
555 1543 659 1602 dulces
672 1553 701 1601 et
716 1544 840 1602 frondea
854 1561 973 1622 semper

175 1635 270 1694 Tecta
285 1644 397 1713 petunt.
440 1637 513 1696 Huc
526 1645 558 1694 tu
575 1638 677 1713 jussos
691 1657 820 1716 asperge
835 1658 969 1716 sapores,

175 1728 260 1787 Trita
274 1729 469 1807 melisphylla,
486 1739 515 1789 et
530 1731 672 1790 cerinthae
686 1731 816 1808 ignobile
831 1750 969 1810 gramen3

176 1821 372 1899 Tinnitusque
386 1823 444 1895 oie,
461 1832 491 1881 et
504 1823 612 1882 Matris
627 1832 716 1900 quate
731 1826 869 1901 cymbala
882 1824 1004 1884 oiroirm.

176 1916 252 1996 lpsae
267 1918 421 1976 consident
435 1917 590 1976 medicatis
604 1918 724 1976 sedibus
739 1937 746 1988 ;
776 1919 847 1997 ipsae

177 2010 283 2071 Intima
295 2032 377 2070 more
391 2032 446 2070 suo
460 2032 527 2070 sese
541 2013 571 2070 in
585 2013 735 2071 cunabula
750 2014 887 2073 condent.
992 2029 1009 2112 q

213 2105 265 2163 Sin
279 2113 380 2163 autem
394 2105 431 2163 ad
446 2125 574 2184 pugnam
589 2106 734 2175 exierint3
759 2108 841 2184 (nam
856 2106 936 2188 saepd
951 2107 1069 2168 duobus

176 2197 312 2277 Regibus
325 2200 447 2258 incessit
461 2219 570 2278 magno
583 2200 733 2258 discordia
745 2210 837 2273 motu,

178 2290 387 2370 Continudque
402 2295 516 2352 animos
530 2294 612 2371 vulgi
626 2303 655 2351 et
669 2295 848 2371 trepidantia
862 2296 941 2353 bello

178 2384 278 2446 Corda
291 2387 362 2447 licet
375 2387 464 2466 longi
480 2388 674 2465 praesciscere
688 2407 695 2456 3
720 2407 848 2464 namque
863 2395 1015 2446 morantes

177 2480 303 2540 Martius
317 2482 367 2539 ille
382 2482 451 2540 teris
465 2481 550 2539 rauci
566 2500 659 2538 canor
672 2481 818 2558 increpat,
834 2490 863 2538 et
878 2499 936 2538 vox

178 2576 304 2634 Auditur
318 2576 429 2633 fractos
444 2575 558 2632 sonitus
573 2574 686 2631 imitata
702 2576 840 2631 tubarum
856 2593 863 2643 ;

178 2669 252 2727 Tum
266 2669 390 2747 trepidae
404 2670 483 2727 inter
496 2687 529 2725 se
546 2670 665 2739 coeunt,
682 2667 846 2745 pennisque
861 2674 1032 2738 coruscant,

180 2763 357 2840 Spiculaque
372 2770 521 2820 exacuunt
536 2762 650 2832 rostris,
669 2770 828 2839 aptantque
844 2762 983 2832 lacertos,

178 2855 214 2914 Et
228 2857 312 2914 circa
326 2857 427 2934 regern
442 2863 532 2932 atque
546 2856 611 2932 ipsa
625 2855 662 2911 ad
678 2855 817 2931 praetoria
831 2855 931 2914 densae

178 2948 352 3021 Miscentur,
370 2950 544 3028 magnisque
560 2961 667 3006 vocant
682 2950 861 3007 clamoribus
875 2950 990 3007 hostem
1002 2949 1026 3029 :)

178 3042 270 3122 Ergo,
287 3044 338 3102 ubi
352 3063 406 3101 ver
419 3051 515 3101 nactae
530 3043 634 3101 sudum
650 3062 831 3120 camposque
846 3051 993 3120 patentes,

178 3136 344 3215 Erumpunt
356 3138 448 3215 portis
464 3158 471 3206 ;
496 3138 685 3195 concurritur
699 3157 706 3206 ;
731 3138 842 3195 aethere
857 3138 886 3194 in
901 3137 961 3195 alto

178 3230 224 3289 Fit
239 3231 353 3289 sonitus
368 3251 375 3300 ;
399 3251 538 3309 magnum
554 3232 651 3289 mixtas
671 3232 874 3309 glomerantur
888 3232 917 3290 in
932 3233 1044 3304 orbem,

178 3323 410 3402 Praecipitesque
426 3325 556 3384 cadunt:
580 3345 637 3382 non
652 3325 772 3382 densior
786 3327 856 3381 nere
872 3324 998 3400 grando,

179 3417 243 3476 Neo
257 3418 295 3475 de
310 3421 456 3477 concussi
469 3427 585 3477 tantum
600 3418 672 3495 pluit
687 3417 754 3475 ilice
770 3416 895 3493 glandis.

179 3510 238 3589 Ipsi
253 3532 306 3589 per
322 3513 434 3570 medias
449 3513 542 3582 acies,
559 3511 724 3589 insignibus
744 3510 809 3580 alis,

179 3603 320 3683 Ingentes
335 3607 449 3664 animos
464 3613 590 3683 angusto
605 3605 634 3662 in
650 3612 770 3681 pectore
785 3610 904 3660 versant
919 3621 927 3673 ς

178 3697 280 3775 Usque
296 3698 371 3757 aded
386 3700 486 3758 obnixi
501 3718 559 3756 non
574 3698 693 3769 cedere,
710 3697 779 3756 dum
792 3697 893 3775 gravis
907 3705 958 3756 uut
972 3697 1037 3771 hos,

179 3793 238 3850 Aut
252 3793 307 3850 bos
321 3812 409 3851 versa
423 3791 496 3871 sugit
510 3793 605 3851 victor
619 3793 690 3850 dare
704 3800 791 3870 terga
805 3791 932 3870 subegit.

179 3883 221 3944 Hi
235 3896 333 3944 motus
347 3887 512 3945 animorum
526 3895 614 3963 atque
628 3886 694 3944 haec
709 3886 873 3944 certamina
886 3894 970 3945 tanta

178 3976 315 4037 Pulveris
329 3981 429 4058 exigui
446 3980 529 4055 jactu
544 3999 717 4057 compressa
732 3980 897 4055 quiescunt.

216 4072 342 4145 Verium,
358 4074 409 4131 ubi
423 4075 562 4132 ductores
577 4074 641 4131 acie
656 4075 847 4132 revocaveris
861 4073 959 4146 ambo,

180 4165 321 4225 Deterior
334 4168 385 4243 qui
398 4168 490 4238 visus,
507 4187 585 4238 eum,
602 4187 639 4225 ne
654 4167 795 4245 prodigus
810 4168 897 4238 obsit,

180 4258 265 4317 Dede
280 4261 348 4319 neci
362 4280 370 4331 ;
394 4262 500 4319 melior
512 4260 611 4319 vacua
624 4261 688 4319 sine
702 4269 807 4339 regnet
822 4262 851 4319 in
867 4259 947 4321 aulai.

180 4351 265 4411 Alter
279 4354 335 4412 erit
349 4354 474 4412 maculis
489 4374 563 4412 auro
577 4355 782 4430 squalentibus
796 4356 905 4413 ardens
919 4374 926 4425 ;

183 4445 258 4506 Nam
272 4446 331 4506 duo
345 4457 413 4507 sunt
427 4467 561 4526 genera:
584 4448 639 4507 hic
648 4449 762 4521 melior,
778 4448 904 4528 insignia
919 4458 949 4508 st
963 4467 1026 4522 ors,

457 4546 474 4600 7
484 4542 501 4577 0
