2692 5122
379 770 395 805 ‘¹
506 788 679 837 nuernos
699 790 769 837 ms.
784 789 830 836 ιν.
879 818 883 823 -

213 923 315 984 Audiit
329 924 484 996 exanimis,
500 927 673 1004 trepidoque
688 928 829 986 exterrita
842 945 944 998 cursu,

173 1010 332 1097 Unguibus
347 1036 401 1075 ora
413 1032 498 1076 soror
512 1019 637 1089 soedens,
653 1028 682 1077 et
697 1029 819 1097 pectora
832 1019 950 1097 pugnis,

172 1110 234 1171 Per
247 1110 361 1169 medios
375 1110 444 1182 ruit,
460 1130 497 1169 ac
510 1113 684 1170 morientem
698 1113 815 1170 nornine
829 1112 937 1170 clamat
952 1129 959 1168 ε

175 1202 245 1263 Hoc
256 1203 341 1275 illud,
356 1222 509 1281 germana,
526 1205 580 1262 suit
595 1204 606 1260 i
627 1224 674 1263 me
689 1205 791 1263 fraude
807 1204 951 1282 petebas?
1099 1206 1157 1263 675

175 1295 245 1356 Hoc
259 1316 352 1374 rogus
366 1297 421 1354 iste
435 1297 516 1368 mibi,
533 1297 589 1355 boc
604 1298 689 1375 ignes
703 1317 823 1375 arteque
838 1297 1004 1375 parabant?

176 1389 257 1457 Quid
271 1390 396 1467 priminn
410 1391 529 1448 deserta
544 1392 677 1466 querar?
699 1392 873 1449 comitemne
887 1410 1019 1450 sororem

176 1483 321 1560 Sprevisti
335 1484 464 1541 moriens
480 1483 490 1538 i
531 1483 647 1541 Eadem
661 1503 707 1542 me
722 1484 759 1541 ad
774 1483 834 1542 sata
846 1483 1010 1553 vecisses3

176 1575 259 1634 Idem
273 1578 377 1633 ambas
390 1574 467 1633 lerro
482 1575 575 1646 dolor,
591 1584 681 1652 atque
695 1577 801 1635 eadem
813 1576 897 1647 hora,
912 1576 1037 1635 tulisset.

175 1668 237 1727 His
250 1668 340 1726 etiam
353 1669 447 1726 struxi
462 1669 609 1739 manibus,
625 1669 796 1745 patriosque
811 1669 915 1727 rocavi

175 1760 263 1819 Voce
278 1760 360 1832 deos,
377 1761 420 1819 sic
434 1769 464 1819 te
478 1772 509 1820 ut
524 1759 631 1839 positd,
648 1762 798 1819 crudelis!
820 1764 957 1820 abessem
973 1761 984 1817 ?

176 1854 311 1912 Extinxti
327 1872 385 1926 me,
400 1863 501 1930 teque,
517 1873 611 1926 soror,
628 1855 836 1931 populumque,
853 1863 1011 1932 patresque

179 1947 326 2017 Sidonios,
342 1948 505 2022 urbemque
523 1954 614 2007 tunm.
656 1947 736 2005 Date
751 1947 874 2005 vulnera
890 1947 1016 2026 lymphis
1029 1966 1038 2018 ς

177 2040 318 2111 Abluarn,
334 2047 375 2111 et,
391 2047 540 2098 extremus
554 2040 579 2098 si
594 2041 660 2117 quis
673 2040 764 2118 super
776 2040 887 2100 halitus
900 2048 992 2112 erret,

177 2131 241 2193 Ore
254 2133 363 2210 legam.
406 2133 456 2190 Sic
474 2133 545 2204 sate,
561 2133 672 2210 gradus
685 2141 822 2192 evaserat
837 2135 923 2205 altos,

180 2224 437 2300 Semenimemque
460 2225 526 2283 sinu
541 2244 712 2303 germanam
727 2227 863 2303 amplexa
876 2226 996 2285 fovebat

180 2317 260 2380 Cum
274 2318 397 2396 gemitu,
413 2326 503 2393 atque
518 2331 598 2376 atros
612 2319 745 2376 siccabat
760 2327 842 2376 veste
857 2338 988 2378 cruores.

180 2412 247 2482 Illa,
262 2431 370 2489 graves
384 2411 488 2468 oculos
501 2419 609 2468 canate
622 2411 767 2482 attollere,
783 2430 887 2468 rursus

180 2505 311 2564 Deficit:
335 2505 456 2562 infixum
471 2503 565 2561 stridit
579 2505 634 2561 sub
649 2512 769 2580 pectore
784 2503 899 2562 vulnus.

179 2598 244 2659 Ter
256 2617 323 2657 sese
337 2598 476 2656 attollens
491 2597 650 2673 cubitoque
664 2596 772 2654 adnixa
785 2596 905 2668 levavit,

180 2692 245 2750 Ter
256 2693 392 2751 revoluta
404 2700 469 2750 toro
484 2698 528 2749 est
543 2710 551 2759 ;
574 2690 728 2766 oculisque
742 2689 910 2747 errantibus
924 2688 985 2747 alto

182 2783 328 2857 Quaesivit
345 2785 423 2843 coelo
437 2786 545 2854 lucem,
562 2783 764 2861 ingemuitque
778 2791 936 2860 repertam.

219 2879 299 2937 Tum
312 2879 332 2936 J
334 2898 393 2935 uno
407 2877 600 2954 omnipotens,
616 2877 737 2953 longum
751 2876 892 2933 miserata
905 2876 1037 2936 dolorem

181 2971 388 3057 Difficilesque
402 2971 509 3039 obitus,
526 2968 597 3026 Irim
617 2969 733 3026 demisit
747 2968 884 3045 Olympo,

180 3064 260 3131 Quae
274 3064 436 3121 luctantem
451 3062 578 3119 animam
592 3081 742 3137 nexosque
758 3061 918 3121 resolveret
933 3069 1025 3122 artus.

180 3158 210 3217 N
214 3177 271 3229 em,
289 3143 359 3233 qula
373 3176 429 3214 nce
442 3157 513 3228 lato,
530 3155 636 3214 meritd
648 3175 705 3214 nec
719 3164 812 3214 morte
828 3157 953 3234 peribat,

182 3251 241 3310 Sed
258 3251 367 3308 misera
381 3258 449 3307 ente
464 3250 551 3320 diem,
568 3249 724 3324 subitoque
739 3268 868 3307 accensa
881 3249 991 3320 furore,

182 3344 322 3404 Nondum
334 3343 374 3400 illi
389 3344 496 3401 flavum
509 3343 689 3419 Proserpina
702 3341 813 3399 vertice
828 3341 942 3400 crinem

182 3437 366 3507 Abstulerat,
384 3437 546 3512 Stygioque
562 3442 651 3510 caput
669 3433 861 3490 damnaverat
876 3431 966 3491 Orco.

180 3530 267 3608 Ergo
281 3529 350 3600 Iris,
366 3528 482 3585 croceis
497 3545 550 3602 per
564 3527 672 3584 coelum
693 3525 812 3582 roscida
826 3523 941 3601 pennis,

183 3622 273 3683 Mille
291 3623 413 3681 trahens
428 3620 525 3677 varios
544 3620 669 3676 adverso
684 3618 746 3675 sole
762 3619 888 3688 colores,

182 3717 322 3787 Devolat,
339 3724 368 3772 et
383 3732 473 3791 supra
487 3720 576 3789 caput
590 3711 701 3769 adstitit
717 3730 723 3766 :
746 3709 839 3769 Hunc
852 3729 910 3788 ego
923 3709 988 3770 Diti

183 3810 310 3867 Sacrum
325 3808 411 3884 jussa
431 3806 505 3877 sero,
521 3814 610 3882 teque
625 3806 682 3863 isto
696 3824 820 3882 corpore
835 3804 928 3863 solvo.

184 3903 235 3960 Sic
249 3903 300 3972 ait,
317 3909 346 3959 et
360 3898 467 3959 dextri
480 3900 592 3958 crinem
609 3907 702 3958 secet.
745 3898 849 3956 Omnis
863 3906 892 3956 et
907 3897 968 3958 und

180 3995 326 4073 Dilapsus
340 3995 434 4068 calor,
450 4003 538 4071 atque
553 3994 583 4052 in
596 4001 702 4052 ventos
715 3992 775 4051 vita
792 3992 928 4051 recessit.
