2692 5122
174 409 235 467 240
459 406 486 452 a
507 405 673 453 vincturi
691 404 862 453 trunonis

175 543 373 620 Exquiritque
388 544 528 621 auditque
543 543 637 603 virum
650 554 838 603 monumenta
853 542 992 620 priorum.

174 637 254 695 Tum
268 656 321 694 rex
334 637 504 708 Evandrus,
520 639 665 696 Romame
680 638 813 695 conditor
827 637 926 694 arcis:

176 729 254 789 Haec
269 749 391 788 nemora
404 730 552 808 indigenae
567 731 665 789 Fauni
679 731 885 807 Nymphaque
899 729 1051 800 tenebant,

175 823 319 899 Gensque
333 823 427 881 virum
441 826 555 881 truncis
569 833 599 881 et
613 824 687 882 duro
700 826 807 881 robore
821 832 892 880 nata
905 841 913 891 ;
1098 820 1161 878 ³15

176 915 272 983 Queis
286 936 383 992 neque
397 936 471 987 mos,
487 937 585 994 neque
599 918 697 975 cultus
711 926 794 984 erat;
819 935 875 973 nec
884 915 1014 992 jungere
1026 923 1140 988 tauros,

175 1011 236 1067 Aut
251 1029 429 1086 componere
443 1030 516 1088 opes
529 1011 646 1080 ndrant,
663 1023 713 1067 aut
728 1028 853 1087 parcere
868 1017 953 1085 parto
968 1027 976 1076 3

177 1102 236 1160 Sed
249 1104 334 1174 rami,
350 1111 440 1179 atqua
456 1124 544 1181 asper
558 1105 637 1161 victu
651 1112 777 1161 venatus
791 1103 900 1159 alebat.

176 1195 294 1253 Primus
308 1198 345 1253 ab
360 1197 483 1254 aetherio
498 1198 577 1254 veuit
592 1198 737 1255 Saturnus
750 1196 888 1272 Olympo,

176 1289 269 1346 Arum
282 1288 367 1347 Jovis
381 1290 510 1367 fugiens,
526 1299 553 1346 et
569 1291 670 1368 regnis
684 1290 768 1348 exsul
783 1288 934 1365 ademptis.
1098 1285 1160 1343 ³20

178 1380 210 1439 Is
223 1402 319 1459 genus
332 1383 459 1440 indocile
474 1403 510 1441 ac
524 1384 689 1460 dispersum
703 1384 850 1441 montibus
864 1381 932 1439 altis

177 1474 362 1552 Composuit,
378 1477 522 1555 legesque
536 1476 625 1548 dedit,
641 1477 820 1551 Latiumque
835 1474 936 1532 vocari

176 1566 294 1638 Maluit,
311 1567 357 1625 his
372 1569 509 1644 quoniam
523 1569 657 1626 latuisset
671 1578 752 1626 tutus
767 1569 796 1625 in
810 1567 879 1624 oris.

176 1661 280 1718 Aurea
294 1680 359 1736 quae
374 1662 540 1738 perhibent,
557 1662 607 1719 illo
622 1664 676 1719 sub
692 1681 764 1739 rege
779 1661 898 1718 fuerunt

177 1754 317 1822 Soecula;
341 1754 384 1811 sic
398 1753 514 1831 placida
528 1755 651 1832 populos
665 1755 694 1811 in
709 1773 784 1830 pace
801 1753 936 1830 regebat.
1101 1746 1161 1807 Μ

176 1845 318 1903 Deterior
331 1846 426 1904 donec
441 1848 582 1924 paulatim
596 1868 632 1905 ac
647 1847 768 1904 decolor
781 1854 863 1915 setas,

176 1937 217 1996 Et
230 1940 301 1997 belli
315 1941 424 2011 rabies,
441 1949 471 1998 et
485 1961 568 1998 amor
582 1941 726 2000 successit
745 1938 881 1997 habendi.

178 2029 256 2089 Tum
270 2052 374 2091 manus
388 2034 522 2091 Ausonia
536 2044 565 2091 et
579 2044 685 2112 gentes
699 2031 809 2091 venere
824 2033 940 2090 Sicana
954 2048 963 2100 3

179 2124 294 2202 Saepius
308 2135 337 2183 et
351 2146 458 2184 nomen
472 2129 569 2203 posuit
584 2127 724 2185 Saturnia
737 2111 834 2184 tellus.
865 2158 869 2165 ‚

177 2220 255 2278 Tum
269 2241 369 2298 reges,
386 2242 532 2298 asperque
547 2223 664 2280 immani
679 2240 804 2299 corpore
822 2220 943 2297 Tybris,
1103 2217 1163 2275 830

178 2314 207 2371 A
222 2334 280 2389 quo
296 2314 362 2390 pdst
376 2314 444 2372 Itali
459 2315 579 2372 fluvium
592 2316 767 2392 cognomine
781 2314 906 2391 Tybrim

178 2406 316 2464 Diximus
332 2427 339 2475 ;
364 2409 461 2466 amisit
474 2427 577 2465 verum
591 2417 675 2465 vetus
690 2407 803 2465 Albula
817 2424 933 2464 nomen.

177 2499 229 2557 Me
245 2500 361 2576 pulsum
377 2501 483 2577 patria,
499 2501 658 2578 pelagique
673 2511 805 2557 extrema
820 2506 1004 2575 sequentem,

178 2592 313 2650 Fortuna
326 2595 509 2670 omnipotens
523 2601 551 2650 et
566 2593 756 2650 ineluctabile
772 2593 864 2650 satum

178 2685 238 2742 His
252 2685 378 2763 posuere
394 2687 477 2755 locis,
494 2686 655 2760 matrisque
670 2684 761 2762 egere
775 2685 929 2743 tremenda
1104 2682 1164 2740 ³3⁵

178 2776 349 2837 Carmentis
364 2778 508 2855 Nymphae
524 2779 644 2849 monita,
661 2788 690 2836 et
706 2777 779 2835 deus
794 2786 900 2835 auctor
913 2776 1032 2854 Apollo.

216 2872 275 2930 Vix
289 2892 326 2930 ea
341 2873 420 2930 dicta
439 2892 445 2940 ;
471 2871 576 2947 dehinc
592 2892 768 2950 progressus
782 2879 925 2928 monstrat
943 2880 972 2927 et
988 2888 1083 2940 amm,

177 2965 217 3024 Et
232 2966 456 3025 Carmentalem
470 2965 607 3022 Romano
622 2965 738 3022 nomine
754 2973 867 3041 portam

179 3058 277 3126 Quam
292 3067 466 3129 memorant,
484 3059 629 3136 Nymphae
644 3059 772 3135 priscum
788 3057 959 3116 Carmentis
972 3056 1126 3127 honoram,

177 3152 264 3210 Vatis
279 3153 405 3210 fatidicae
422 3173 429 3221 ;
454 3153 560 3210 cecinit
576 3172 641 3229 quae
657 3152 750 3228 prima
764 3151 878 3208 futuros
1101 3147 1161 3206 ³40

177 3245 336 3302 AEneadas
350 3265 484 3322 magnos,
501 3254 530 3301 et
544 3245 642 3301 nobile
658 3244 854 3301 Pallanteum.

177 3336 259 3395 Hinc
275 3339 374 3395 lucum
388 3339 548 3413 ingentem,
566 3356 653 3410 quem
667 3338 813 3394 Romulus
827 3354 899 3393 acer
912 3335 1039 3412 Asylum

177 3430 292 3487 Retulit
307 3450 314 3498 ;
338 3438 366 3487 et
381 3428 482 3506 gelida
495 3437 637 3486 monstrat
651 3432 706 3486 sub
721 3448 794 3506 rupe
808 3428 971 3505 Lupercal,

177 3523 339 3582 Parrhasio
351 3523 460 3580 dictum
474 3522 572 3580 Panos
587 3522 623 3578 dc
637 3542 718 3579 mora
733 3522 846 3598 Lycaei.

178 3617 244 3675 Nec
258 3637 317 3674 non
331 3624 360 3673 et
375 3615 452 3673 sacri
466 3623 609 3672 monstrat
623 3635 726 3672 nemus
740 3614 878 3692 Argileti,
1103 3612 1162 3672 345

177 3709 379 3784 Testaturque
394 3708 501 3778 locum,
518 3719 547 3764 et
560 3708 650 3765 letum
665 3708 751 3765 docet
766 3707 889 3784 hospitis
902 3706 989 3784 Argi.

178 3801 260 3858 Hinc
275 3803 312 3858 ad
326 3801 485 3877 Tarpeiam
500 3801 600 3857 sedern
614 3809 643 3858 et
659 3800 808 3878 Capitolia
823 3800 914 3871 ducit,

177 3896 280 3953 Aurea
294 3914 382 3964 nunc,
400 3894 468 3951 olim
482 3894 666 3951 silvestribus
680 3894 800 3952 horrida
813 3893 919 3952 dumis.

176 3987 245 4046 Jam
258 3996 319 4044 tum
333 3987 438 4064 religio
453 3987 574 4063 pavidos
588 3990 720 4045 terrebat
739 3996 874 4065 agrestes

177 4079 254 4142 Dira
267 4081 325 4138 loci
340 4100 347 4150 ς
367 4082 504 4156 jamtum
518 4081 621 4138 silvam
636 4100 799 4156 saxumque
813 4082 989 4138 tremebant.
1103 4079 1160 4138 aba

177 4174 248 4234 Hoc
263 4195 376 4248 nemus,
393 4176 481 4248 hunc,
498 4175 602 4252 inquit,
619 4174 758 4233 frondoso
772 4174 883 4231 vortice
898 4173 1016 4244 collem,
