2692 5122
217 375 254 432 gp
508 365 535 413 r.
559 364 730 413 vracrnrr
757 364 932 414 unaours
1025 388 1034 399 .

215 506 359 580 Foedera,
376 514 482 583 terque
496 505 601 584 fragor
613 504 729 584 stagnis
744 504 863 564 auditus
876 503 1015 563 Auernis.

216 599 284 674 Illa,
302 600 410 674 “Quis
424 609 454 658 et
468 619 525 671 me,
539 600 645 677 inquit,
661 600 811 672 miseram,
825 608 855 657 et
868 608 898 657 te
913 597 1049 677 perdidit,
1065 595 1208 676 Orpheul

217 693 295 763 Quis
308 704 409 754 tantus
422 694 528 753 furor?
550 712 589 753 en
603 693 710 752 iterum
725 694 860 752 crudelia
872 701 953 751 retro
1149 692 1212 750 405

215 787 295 848 Fata
310 798 427 861 vocant,
445 789 605 867 conditque
620 789 755 847 natantia
768 788 879 846 lumina
893 805 1024 845 somnus.

217 880 345 960 Jamque
360 883 435 941 vale.
476 883 575 942 Feror
588 882 701 961 ingenti
715 881 900 941 circumdata
914 889 1012 951 nocte,

216 974 427 1053 Invalidasque
442 976 496 1035 tibi
510 976 647 1048 tendens,
662 976 741 1035 heu!
763 995 821 1035 non
835 984 897 1048 tua,
915 973 1064 1053 palmas.”

214 1067 310 1142 Dixit,
326 1079 357 1128 ct
372 1090 410 1128 ex
423 1069 519 1128 oculis
534 1069 643 1142 subitd,
660 1089 716 1128 ceu
731 1069 828 1128 sumus
843 1069 873 1127 in
888 1088 978 1127 auras

215 1160 404 1223 commixtus
417 1172 536 1236 tenues,
552 1164 627 1242 sugit
642 1163 784 1222 diversa:
807 1182 905 1240 neque
920 1162 1003 1220 illum
1148 1161 1209 1219 500

214 1254 413 1316 Prensantem
427 1258 628 1335 nequidquam
643 1260 775 1328 umbras,
791 1264 821 1316 et
835 1258 929 1315 multa
942 1256 1091 1314 volentem

213 1348 339 1422 Dicere,
356 1360 504 1429 praeterea
519 1352 589 1410 vidit
603 1371 611 1422 3
636 1370 693 1410 nec
708 1352 832 1430 portitor
845 1350 919 1410 Orci

214 1444 351 1522 Amplius
365 1446 514 1522 objectam
529 1465 635 1524 passus
649 1446 778 1504 transire
792 1445 940 1523 paludem.

215 1535 298 1605 Quid
312 1537 426 1597 laceret
441 1540 451 1596 ἒ
475 1539 533 1616 qud
548 1559 581 1597 se
596 1538 685 1617 rapti
698 1540 744 1596 bis
758 1539 886 1616 conjuge
902 1538 994 1596 ferret
1009 1535 1020 1594 l

213 1628 285 1699 Quo
299 1631 370 1690 fletu
385 1632 505 1704 Manes,
523 1632 584 1709 qud
597 1632 731 1691 Numina
744 1650 818 1689 voce
833 1629 990 1689 moveret?
1149 1629 1210 1689 505

214 1723 272 1784 Illa
287 1725 406 1804 quidem
421 1727 525 1805 stygis
540 1727 631 1785 nabat
649 1726 712 1802 jam
726 1724 835 1803 frigida
849 1721 967 1801 cymbai.

255 1821 377 1898 Septem
391 1820 473 1878 illum
486 1829 565 1879 totos
579 1819 736 1899 perhibent
750 1838 787 1876 ex
802 1817 905 1876 ordine
920 1835 1052 1890 menses,

212 1913 303 1992 Rupe
318 1917 373 1973 sub
389 1913 474 1974 adria
487 1914 599 1974 deserti
613 1914 649 1972 ad
665 1913 831 1990 Strymonis
849 1912 969 1984 undam,

212 2005 361 2081 Flevisse,
375 2016 408 2067 et
422 2009 530 2087 gelidis
543 2009 610 2068 haec
624 2007 772 2067 evolvisse
786 2008 841 2065 sub
857 2006 961 2078 antris,

212 2100 399 2162 Mulcentem
413 2103 518 2181 tigres,
535 2110 565 2161 et
579 2109 719 2181 agentem
733 2100 865 2159 carmine
881 2118 1020 2177 quercus.
1149 2100 1209 2159 510

214 2194 324 2264 Qualis
338 2195 467 2275 populed
479 2216 611 2256 moerens
624 2195 791 2255 Philomela
805 2195 861 2253 sub
876 2192 983 2253 umbri

213 2290 350 2348 Amissos
365 2290 501 2367 queritur
514 2290 615 2360 soetus,
633 2309 708 2366 quos
722 2289 814 2347 durus
829 2296 931 2346 arator

212 2382 388 2442 Observans
403 2382 472 2440 nido
487 2383 643 2461 implumes
662 2382 789 2441 detraxit
803 2401 810 2451 ;
835 2390 866 2439 at
880 2382 931 2440 illa

211 2473 281 2534 Flet
296 2484 424 2546 noctem,
441 2494 585 2553 ramoque
599 2475 708 2534 sedens
723 2475 892 2534 miserabile
907 2494 1030 2534 carmen

213 2567 359 2647 Integrat,
376 2577 405 2626 et
420 2569 535 2626 moestis
549 2569 609 2627 latd
624 2570 692 2627 loca
707 2570 861 2647 questibus
876 2570 986 2647 implet.
1147 2570 1208 2629 515

213 2659 308 2721 Nulla
321 2663 438 2733 Venus,
452 2681 511 2719 non
526 2663 577 2720 ulli
593 2663 722 2721 animum
737 2661 849 2723 flexere
864 2663 1035 2741 Hymenaei.

213 2756 301 2815 Solus
315 2755 534 2833 Hyperboreas
548 2756 672 2834 glacies,
688 2757 880 2834 Tanaimque
894 2758 1033 2831 nivalem,
1083 2770 1089 2775 '

212 2850 354 2927 Arvaque
369 2849 505 2927 Rhipaeis
519 2870 671 2928 nunquam
686 2851 807 2909 viduata
821 2852 935 2929 pruinis

211 2942 388 3016 Lustrabat,
406 2952 522 3021 raptam
535 2943 710 3022 Eurydicen
725 2954 815 3022 atque
831 2946 915 3005 irrita
927 2946 1007 3005 Ditis

210 3037 303 3097 Dona
318 3057 456 3115 querens.
500 3039 614 3115 Sprctae
630 3038 779 3098 Ciconum
794 3060 853 3116 quo
867 3060 989 3099 munere
1003 3048 1125 3113 matres,
1146 3042 1208 3100 590

212 3131 296 3192 luter
309 3151 399 3191 sacra
412 3128 501 3190 derim
517 3133 714 3210 nocturnique
729 3135 815 3212 orgia
828 3135 953 3207 Bacchi,

211 3226 406 3306 Discerptum
419 3228 496 3285 latos
510 3227 653 3303 juvenem
668 3227 806 3305 sparsere
822 3248 875 3306 per
889 3248 988 3306 agros.

211 3319 290 3378 Tum
304 3339 434 3396 quoque,
451 3317 620 3378 marmorei
634 3329 723 3398 caput
739 3341 757 3379 a
771 3322 890 3380 cervice
910 3322 1062 3381 revulsum

212 3411 341 3491 Gurgite
358 3433 448 3490 quum
463 3413 561 3471 medio
575 3423 696 3491 portans
711 3415 859 3493 OEagrius
872 3415 998 3474 Hebrus
1095 3458 1102 3476 ,

210 3503 366 3578 Volveret,
382 3506 558 3583 Eurydicen
572 3528 629 3567 vox
644 3507 708 3585 ipsa
722 3517 752 3565 et
766 3508 875 3586 frigida
888 3509 1004 3587 lingua,
1146 3512 1207 3570 525

211 3600 260 3659 Ah
274 3601 413 3658 miseram
427 3601 601 3678 Eurydicen
618 3604 625 3660 !
648 3600 746 3660 animd
759 3602 903 3680 fugiente,
919 3604 1048 3663 vocabat
1062 3622 1070 3673 ;

211 3692 385 3770 Eurydicen
399 3703 461 3752 toto
475 3695 646 3754 referebant
661 3696 780 3755 flumine
795 3696 902 3774 ripae.”

251 3787 330 3846 Haec
344 3788 473 3846 Proteus
488 3808 495 3846 :
519 3797 548 3846 et
563 3809 595 3847 se
612 3791 697 3866 jactu
712 3790 792 3851 dedit
808 3811 911 3868 aequor
924 3791 954 3850 iu
969 3792 1059 3851 altum
1074 3811 1082 3862 ;

211 3879 343 3958 Quique
357 3880 448 3953 dedit,
465 3891 651 3959 spumantem
666 3884 774 3942 undam
788 3885 842 3943 sub
858 3886 970 3943 vortice
984 3886 1079 3946 torsit.

250 3974 292 4035 At
306 3995 365 4033 non
380 3975 503 4052 Cyrene
518 3996 526 4046 ;
551 3997 679 4054 namque
695 3980 772 4037 ultro
786 3979 878 4037 affata
890 3979 1043 4041 timentem
1058 3999 1066 4038 t
1145 3984 1206 4043 5³0

214 4069 335 4142 “Nate,
350 4068 421 4128 licet
437 4071 538 4129 tristes
554 4072 651 4129 animo
664 4071 813 4149 deponere
829 4092 927 4130 curas.

211 4164 291 4226 Haec
305 4164 400 4223 omnis
414 4166 510 4224 morbi
524 4185 638 4225 causa:
661 4166 730 4225 hine
745 4167 913 4225 miserabile
928 4168 957 4226 N
958 4169 1088 4248 ympbae,
