2692 5122
189 442 245 499 102
472 436 499 482 r.
520 437 687 484 emereri
705 437 877 485 usaours

187 574 259 634 Hac
273 574 411 654 sugerent
424 575 520 646 Graii,
536 585 682 653 premeret
696 576 829 654 Trojana
845 578 986 653 juventus
1001 595 1009 646 ;

187 668 259 728 Hac
273 670 419 748 Phryges,
437 670 560 728 instaret
575 691 665 729 curru
680 672 820 729 cristatus
834 671 986 753 Achilles.-

187 763 216 822 N
219 782 255 821 ec
270 765 371 840 procul
387 764 456 821 hinc
470 764 565 821 Rhesi
578 766 672 822 niveis
686 765 812 823 tentoria
826 766 899 822 velis
947 763 955 780 ⁹
970 747 997 763 ⁰

187 858 333 936 Agnoscit
347 858 527 933 lacrymans,
544 860 636 935 primo
652 880 718 937 quae
733 858 847 936 prodita
860 878 962 917 somne
1113 856 1171 914 470

185 951 320 1028 Tydides
334 951 427 1009 multa
441 955 577 1009 vastabat
592 953 675 1010 caede
694 962 846 1024 cruentus,

158 1070 169 1091 ν
187 1043 398 1121 Ardentesque
413 1046 519 1103 avertit
534 1066 627 1122 equos
639 1047 668 1104 in
683 1055 792 1118 castra,
810 1046 890 1124 priiis
905 1044 993 1122 qudm

186 1137 304 1197 Pabula
317 1138 489 1216 gustassent
503 1141 614 1216 Trojae,
631 1141 842 1217 Xanthumque
862 1140 1020 1213 bibissent,

187 1231 278 1291 Parte
294 1232 354 1290 alit
368 1233 485 1310 fugiens
499 1235 615 1309 amissis
628 1235 751 1292 Troilus
765 1236 865 1305 armis,

188 1324 296 1384 Infelix
310 1346 393 1403 puer,
411 1336 501 1403 atque
516 1329 611 1405 impar
625 1348 805 1407 congressus
819 1328 940 1398 Achilli,
1116 1325 1174 1382 475

187 1418 299 1478 Fertur
313 1420 408 1527 equis,
425 1440 575 1497 curruque
591 1423 682 1480 haeret
698 1423 856 1498 resupinus
871 1422 962 1495 inani,

187 1513 271 1573 Lora
283 1522 389 1571 tenens
402 1524 502 1571 tamen
518 1534 525 1571 ε
548 1515 617 1587 huic
632 1516 793 1590 cervixque
811 1533 963 1590 comaeque
977 1512 1136 1570 trahuntur

188 1607 248 1667 Per
261 1617 382 1679 terram,
398 1616 427 1665 et
441 1607 530 1666 versis
545 1608 639 1685 pulvis
654 1609 825 1666 inscribitur
839 1607 934 1665 hastis.

190 1700 310 1759 Interea
324 1701 360 1758 ad
374 1701 515 1778 templum
530 1721 588 1759 non
603 1722 696 1778 aequae
711 1701 842 1758 Palladis
857 1701 937 1759 ibant

189 1793 333 1854 Crinibus
348 1795 457 1852 Iliades
472 1796 577 1872 passis,
595 1790 770 1872 peplumque
785 1794 920 1851 serebant
1118 1793 1177 1850 400

190 1891 370 1967 Suppliciter
383 1891 493 1960 tristes,
510 1899 539 1947 et
553 1899 648 1948 tunsae
664 1903 785 1968 pectora
800 1889 912 1967 palmis.

189 1983 271 2042 Diva
284 1985 346 2043 sole
362 1984 435 2041 fixos
449 1984 553 2041 oeulos
567 2003 674 2041 aversa
692 1984 820 2042 tenebat.

191 2076 253 2136 Ter
269 2080 382 2137 circum
398 2078 506 2136 Iliacos
521 2086 692 2155 raptaverat
706 2076 844 2134 Hectora
856 2096 968 2148 muros,

190 2171 429 2248 Exanimumque
446 2192 517 2230 auro
532 2191 641 2248 corpus
656 2171 803 2228 vendebat
817 2171 965 2274 Achilles?

190 2262 269 2322 Tum
285 2265 355 2322 verb
371 2267 521 2342 ingentem
535 2265 676 2340 gemitum
692 2264 739 2320 dat
755 2274 875 2339 pectere
891 2265 928 2320 ab
944 2282 1012 2335 imo,
1119 2263 1178 2321 485

190 2355 231 2414 Ut
245 2358 350 2433 spolia,
368 2366 398 2413 ut
413 2376 529 2425 currus,
547 2365 637 2431 utque
653 2356 747 2432 ipsum
761 2376 869 2431 corpus
884 2356 981 2426 amici,

190 2449 436 2524 Tendentemque
451 2468 557 2505 manus
571 2448 722 2505 Priamum
737 2449 891 2525 conspexit
906 2449 1044 2508 inermes.

192 2542 231 2599 Se
247 2559 364 2616 quoque
380 2541 561 2617 principibus
575 2542 751 2617 permixtum
764 2543 884 2619 agnovit
897 2542 1030 2613 Achivis,

190 2633 334 2709 ansque
349 2633 441 2702 acies,
459 2642 487 2690 et
502 2634 579 2710 nigri
593 2632 761 2691 Memnonis
775 2654 866 2694 arina.

190 2725 283 2783 Ducit
296 2725 513 2782 Amazonidum
527 2727 635 2784 lunatis
650 2728 769 2803 agmina
783 2728 868 2803 peltis
1118 2730 1179 2787 490

190 2818 383 2903 Penthesilea
397 2818 509 2892 furens,
524 2820 687 2896 mediisque
703 2822 732 2879 in
748 2821 875 2879 millibus
890 2822 986 2894 ardet,

189 2915 293 2973 Aurea
307 2916 489 2972 subnectens
503 2923 629 2974 exsertae
644 2915 766 2992 cingula
779 2934 912 2975 mammae

190 3007 343 3078 Bellatrir,
361 3008 511 3084 audetque
526 3008 596 3066 viris
611 3027 790 3066 concurrere
806 3010 915 3096 virgq.

230 3102 309 3160 Here
323 3102 393 3159 dum
406 3101 560 3160 Dardanio
575 3102 686 3159 AEneae
700 3102 835 3161 miranda
849 3103 995 3175 videntur,

190 3195 272 3253 Dum
286 3204 395 3272 stupet,
412 3197 576 3271 obtutuque
591 3195 684 3252 hmret
697 3192 812 3253 defixus
827 3194 855 3253 in
870 3217 939 3267 uno,
1118 3198 1179 3255 495

190 3288 312 3364 Regina
327 3289 364 3345 ad
378 3288 528 3363 templum,
545 3286 640 3345 formai
654 3289 862 3365 pulcherrima,
878 3288 958 3348 Dido

191 3380 329 3451 Incessit,
348 3400 456 3457 magna
472 3381 615 3455 juvenum
629 3382 756 3458 stipante
769 3381 901 3442 catervii.

192 3473 300 3543 eralis
315 3473 344 3530 in
358 3474 480 3530 Eurotae
495 3473 576 3549 ripis,
594 3483 644 3531 aut
659 3493 712 3550 per
727 3475 802 3551 juga
817 3474 939 3551 Cynthi,

190 3567 323 3627 Exercet
337 3566 439 3624 Diana
452 3566 559 3623 choros
574 3586 581 3635 ;
607 3587 694 3643 quam
708 3568 787 3624 mille
801 3578 913 3626 secutoe

191 3660 274 3719 Hinc
289 3668 378 3735 atque
392 3659 461 3718 hinc
475 3661 678 3738 glomerantur
691 3660 826 3718 Oreades
840 3681 847 3730 ;
872 3663 923 3719 illa
937 3662 1107 3740 pharetram
1119 3664 1180 3721 500

191 3754 265 3811 Fert
279 3738 628 3832 humero,{ladiensque
643 3756 715 3814 deas
729 3758 928 3833 supereminet
943 3777 1045 3819 omnes
1059 3777 1067 3817 ι

190 3846 317 3906 Latona
331 3848 454 3904 tacitum
472 3858 638 3925 pertentant
652 3848 763 3926 gaudia
777 3859 891 3939 pectus.
969 3848 975 3865 ¹

191 3939 276 3998 Talis
290 3953 355 3997 erat
369 3939 459 4011 Dido,
475 3942 565 3998 talem
578 3962 610 3999 se
626 3943 695 4000 laeta
709 3943 824 4001 serebat

191 4031 252 4092 Per
265 4034 388 4105 medios,
404 4033 518 4092 instans
532 4034 614 4111 operi
629 4036 789 4113 regnisque
805 4036 920 4095 suturis.

192 4126 271 4187 Tum
284 4128 396 4186 loribus
410 4127 496 4199 divae,
513 4128 610 4187 medii
622 4129 772 4187 testudine
786 4130 897 4207 templi,
917 4119 922 4129 ¹
1118 4133 1178 4191 505

193 4223 284 4301 Septa
297 4223 397 4295 armis,
414 4222 547 4300 solioque
563 4223 621 4282 alte
637 4224 774 4295 subnixa,
790 4223 909 4319 resedit:
