2692 5122
753 418 765 443 ·'
1181 428 1189 447 o

530 414 584 431 ι.

429 452 620 505 ·.Ιρ·’

501 794 526 841 Α
547 790 811 875 AENBDMIR
824 793 857 841 X.
890 790 910 841 t·

162 886 165 891 .
190 888 200 913 Ρ
751 898 754 903 ,

202 928 298 1008 Eripit
313 929 464 1001 stamine,
479 938 511 988 st
521 914 683 1008 tw'drmti
696 931 827 991 feruidus
841 932 939 1003 instat.
953 976 958 985 .

204 1022 352 1102 Ingemuit
367 1023 430 1083 cari
444 1010 576 1101 ῥόον
590 1025 733 1101 genitoris
747 1045 858 1098 amore,
923 1028 927 1037 '

202 1115 242 1176 Ut
255 1115 338 1186 vidit,
354 1115 704 1193 Lausueplccrymoeque
719 1138 838 1195 perora
855 1120 973 1180 volutas.

204 1209 266 1270 Hic
279 1211 383 1268 mortis
397 1210 608 1283 duranumsum,
623 1220 741 1288 tuaque.
750 1214 861 1291 optima
875 1214 966 1286 sacta,

206 1305 236 1364 Si
251 1324 310 1382 qua
323 1298 567 1367 adamannum
581 1306 664 1382 operi
677 1305 776 1364 latura
794 1316 937 1379 vetustas,

206 1398 272 1458 Non
287 1398 439 1476 equidem·
451 1416 509 1457 nec
522 1409 567 1471 te,
576 1399 696 1475 juvenis
708 1400 911 1471 memorande,
927 1401 1031 1458 silebo.

207 1491 258 1550 Ille
273 1492 378 1569 pedem
393 1492 538 1564 referens,
555 1501 584 1551 et
598 1492 827 1570 inutilissimae
841 1494 961 1572 ligatus,

207 1584 353 1656 cadebat,
369 1586 535 1663 clypeoque
550 1587 701 1646 inimicum
714 1588 820 1646 hastile
835 1587 982 1646 trahebat.

206 1679 342 1758 Prorupit
352 1680 482 1756 juvenis,
499 1701 627 1759 seseque
642 1683 799 1741 immiscuit
814 1683 912 1741 armis.

206 1773 332 1851 Jamque
348 1777 535 1853 assurgentis
549 1776 663 1847 dextri,
680 1778 858 1855 plagamque
872 1775 1006 1847 ferentis,

205 1867 314 1926 AEneae
329 1869 418 1927 subiit
432 1888 614 1941 mucronem,
631 1871 786 1948 ipsumque
800 1868 942 1929 morando

207 1962 369 2021 Sustinuit:
392 1962 468 2021 socii
480 1982 587 2040 magno
602 1965 731 2022 clamore
747 1971 923 2041 sequuntur,

205 2054 284 2114 Dum
298 2056 417 2133 genitor
429 2057 491 2113 nati
505 2055 610 2133 parmai
623 2066 774 2134 protectus
788 2058 884 2115 abiret
898 2075 906 2126 ;

206 2148 341 2225 Telaque
356 2149 527 2225 conjiciunt,
544 2153 778 2227 proturbantque
794 2152 910 2208 eminus
924 2149 1040 2207 hostem

207 2240 385 2302 Missilibus.
427 2243 513 2301 Furit
528 2244 658 2316 AEneas‚
674 2253 832 2320 tectusque
846 2252 927 2302 tenet
942 2262 984 2303 se.

206 2336 250 2394 Ac
264 2337 357 2408 velut,
375 2335 472 2394 effusis
485 2337 511 2393 si
525 2336 643 2412 quando
657 2336 803 2414 grandine
817 2336 909 2394 nimbi

206 2426 408 2509 Praecipitant,
425 2431 520 2487 omnis
533 2431 647 2506 campis
661 2430 777 2507 diffugit
791 2437 902 2500 arator,

206 2522 308 2582 Omnis
323 2531 352 2581 et
367 2524 517 2601 agricola3
539 2532 568 2579 et
582 2521 648 2580 tutia
662 2523 733 2579 latet
748 2542 818 2579 arce
833 2522 940 2593 viator,

207 2617 264 2675 Aut
280 2618 375 2675 amnis
390 2616 470 2693 ripis,
488 2624 538 2673 aut
553 2616 605 2673 alti
619 2616 732 2674 fornice
746 2616 822 2687 saxi,

206 2709 284 2769 Dum
299 2710 373 2788 pluit
389 2709 520 2767 interris
536 2728 543 2779 ;
569 2722 600 2766 ut
615 2710 738 2785 possint,
754 2710 817 2766 sole
830 2709 966 2781 reducto,

207 2803 360 2863 Exeruere
374 2803 472 2859 diem:
496 2803 540 2860 sic
555 2805 679 2860 obrutus
694 2802 822 2878 undique
838 2802 906 2859 telis

207 2897 325 2956 AEneas
339 2898 448 2954 nubem
463 2896 544 2966 belli,
560 2896 630 2953 dum
644 2895 773 2966 detonet,
791 2914 908 2952 omnem

207 2990 349 3061 Sustinet,
365 2997 394 3046 et
406 2989 539 3046 Lausum
554 2989 721 3065 increpitat,
736 2986 899 3064 Lausoque
913 2987 1061 3046 minatur:

208 3082 287 3155 Qua,
303 3083 456 3152 moriture,
472 3082 558 3139 ruis?
579 3082 751 3158 majoraque
766 3082 879 3138 viribus
892 3080 986 3139 audes
1004 3081 1015 3137 i

208 3177 295 3235 Fallit
308 3185 340 3234 to
354 3177 504 3234 incautum
519 3177 614 3252 pietas
627 3185 688 3234 tua.
731 3176 797 3233 Nec
812 3175 910 3233 minirs
923 3175 973 3232 ille

208 3272 344 3331 Exsultat
359 3271 500 3329 demens:
523 3291 611 3329 saevae
622 3271 746 3346 jamque
762 3270 850 3327 artius
865 3269 917 3327 irae

208 3365 361 3425 Dardanio
375 3374 501 3444 surgunt
516 3366 642 3435 ductori,
659 3373 853 3439 extremaque
866 3363 969 3420 Lauso

207 3458 310 3518 Parere
324 3460 376 3517 tila
390 3460 492 3537 legunt
506 3479 514 3527 3
540 3458 669 3516 validum
683 3476 810 3532 namque
825 3458 916 3534 exigit
931 3475 1033 3514 ensem
1134 3457 1194 3515 815

207 3550 266 3611 Per
279 3554 407 3611 medium
421 3553 541 3611 AEneas
551 3552 703 3627 juvenem,
719 3558 872 3624 totumque
890 3549 1034 3608 recondit.

208 3644 338 3705 Transiit
353 3655 382 3704 et
397 3664 529 3723 parmam
544 3664 658 3714 mucro,
675 3643 753 3700 levia
768 3662 853 3700 arma
872 3643 1007 3715 minacis,

208 3739 245 3798 Et
259 3741 401 3811 tunicam,
419 3740 498 3797 molli
512 3747 607 3796 mater
623 3757 710 3814 quam
725 3745 849 3794 neverat
864 3756 960 3807 auro;

208 3830 402 3911 implevitque
416 3835 513 3891 sinum
527 3832 670 3910 sanguis:
693 3839 755 3888 tum
769 3830 829 3888 vita
842 3850 896 3908 per
910 3849 999 3889 auras

208 3923 366 3985 Concessit
380 3927 539 3986 moestaad
555 3926 673 3996 Manes,
690 3944 858 4002 corpusque
872 3925 1001 4001 reliquit.

243 4024 285 4080 At
300 4021 371 4080 verb
386 4030 417 4080 ut
432 4023 543 4079 vultum
559 4021 628 4078 vidit
644 4004 796 4078 morientis
810 4027 839 4076 et
854 4038 918 4091 ora,

208 4117 269 4176 Ora
283 4117 388 4187 modis,
406 4116 615 4185 Anchisiades,
633 4115 775 4193 pallentia
787 4114 880 4184 miris,

208 4209 355 4289 Ingemuit
370 4210 515 4267 miserans
529 4210 671 4286 graviter,
687 4209 882 4284 dextramque
896 4207 1040 4279 tetendit3

207 4303 243 4362 Et
258 4312 388 4361 mentem
402 4304 505 4379 patrias
520 4302 608 4360 subiit
624 4302 741 4379 pictatis
756 4303 854 4379 imago
870 4320 876 4357 :

208 4394 288 4465 Quid
302 4397 356 4454 tibi
371 4416 460 4468 nuuc,
476 4396 644 4454 miserande
659 4415 743 4471 puer,
759 4415 813 4471 pro
828 4395 965 4452 laudibus
980 4392 1055 4466 istis,

209 4491 286 4560 Quid
303 4493 369 4569 pius
383 4492 502 4550 AEneas
516 4490 601 4548 tantia
614 4491 694 4548 dabit
710 4489 807 4547 indole
823 4490 943 4566 dignum
958 4487 969 4543 l

207 4586 310 4660 Arma,
328 4586 436 4663 quibus
450 4586 578 4657 laetatus,
592 4583 670 4642 habe
684 4592 758 4653 tua3
781 4591 871 4660 teque
887 4578 1044 4660 parentrim
