2692 5122
231 380 285 436 144
517 374 544 421 P.
563 374 729 422 VIRGILII
749 376 920 425 Minonis

268 512 387 570 Interea
406 504 500 570 sessos
515 522 619 571 ventus
633 533 700 572 cum
715 515 777 571 sole
792 515 910 591 reliquit
924 534 932 584 ;

228 603 389 683 Ignarique
404 606 469 675 viae,
486 605 652 683 Cyclopum
667 607 823 665 allabimur
836 609 905 668 oris.

226 697 336 756 Portus
350 701 388 756 ab
403 718 528 756 accessu
544 708 698 757 ventorum
716 701 861 772 immotus,
878 710 907 758 et
926 701 1032 778 ingens
1150 702 1210 759 570

228 790 296 869 Ipse
315 811 322 861 ;
346 792 399 849 sed
417 791 563 850 horrificis
580 792 667 867 juxta
680 802 762 851 tonat
776 794 873 852 AEtna
887 795 990 865 ruinis,

228 884 440 962 Interdumque
455 895 550 944 atram
565 889 726 964 prorumpit
740 888 777 945 ad
792 888 903 946 aetbera
916 891 1036 959 nubem,

226 979 360 1037 Turbine
375 979 536 1036 sumentem
552 980 646 1057 piceo,
664 990 694 1037 et
707 981 853 1039 candente
868 980 970 1039 favilla
986 1000 994 1050 3

226 1072 401 1148 Attollitque
417 1072 521 1150 globos
535 1073 727 1144 flammarum,
744 1082 773 1131 et
787 1074 886 1131 sidera
899 1075 1000 1133 lambit
1016 1094 1023 1131 :

227 1163 378 1222 Interdum
393 1167 531 1242 scopulos
546 1166 710 1242 avulsaque
724 1153 842 1224 uiscera
860 1168 966 1225 montis
1148 1169 1209 1226 575

226 1258 324 1336 Erigit
344 1268 494 1330 eructans,
511 1259 730 1335 liquefactaque
745 1280 818 1317 sexa
832 1261 887 1317 sub
903 1279 991 1318 auras

228 1350 306 1410 Cum
322 1352 432 1430 gemitu
447 1352 602 1428 glomerat,
619 1351 769 1428 fundoque
784 1362 928 1412 exaestuat
943 1353 1008 1411 imo.

226 1444 321 1503 Fama
334 1453 389 1515 est,
405 1444 551 1501 Enceladi
567 1445 739 1503 semiustum
753 1446 872 1503 fulmine
887 1466 995 1523 corpus

226 1537 336 1615 Urgeri
352 1537 427 1594 mole
442 1536 510 1608 bric,
527 1537 736 1614 ingentemque
751 1539 871 1616 insuper
885 1540 1011 1597 AEtnam

227 1629 397 1708 Impositum
412 1630 505 1707 ruptis
519 1630 666 1687 flammam
680 1632 831 1708 exspirare
846 1633 970 1690 caminis
986 1651 994 1701 ;
1149 1634 1209 1692 500

226 1726 278 1798 Et,
294 1727 405 1783 sessum
420 1726 534 1802 quoties
548 1733 639 1783 mutet
658 1727 746 1796 latus,
762 1727 920 1785 intremere
935 1746 1051 1785 omnem

226 1818 381 1877 Murmure
395 1819 594 1890 Trinacriam,
610 1827 640 1877 et
654 1820 761 1877 coelum
776 1822 933 1878 subtexere
949 1821 1054 1879 sumo..

226 2006 408 2066 Perserimus
424 2026 432 2076 ;
455 2025 522 2076 nee,
540 2026 606 2082 quae
621 2007 747 2065 sonitum
762 2007 810 2065 det
824 2028 928 2079 eausa,
945 2008 1097 2067 videmus:

227 2100 306 2160 Nam
320 2120 417 2176 neque
432 2108 517 2159 erant
531 2108 677 2157 astrorum
691 2101 786 2178 ignes,
803 2121 860 2159 nee
875 2101 991 2159 lucidus
1003 2100 1098 2161 aethrii
1149 2103 1209 2162 505

228 2193 353 2252 Siderei
367 2195 451 2272 polus
467 2214 475 2262 ;
498 2196 627 2251 obscuro
641 2194 693 2251 sed
707 2195 808 2252 nubila
821 2195 899 2253 coelo
913 2214 920 2264 ;

226 2287 266 2345 Et
280 2288 380 2344 lunam
395 2287 424 2344 in
438 2286 537 2345 nimbo
551 2306 609 2344 nox
621 2287 798 2364 intempesta
811 2289 941 2374 tepebat.

266 2379 392 2437 Postera
409 2378 532 2455 jamque
547 2378 610 2435 dies
624 2379 716 2456 primo
731 2376 873 2457 surgebat
893 2381 970 2452 Eoo,

227 2472 469 2548 Humentamque
483 2474 603 2530 Aurora
616 2472 683 2549 polo
697 2471 859 2530 dimoverat
874 2475 1007 2532 umbram
1022 2493 1030 2543 ;

227 2563 329 2632 Quum
342 2565 439 2623 subitd
454 2585 471 2623 e
486 2565 578 2635 silvis,
594 2565 689 2622 macie
704 2565 840 2623 confecta
855 2565 1004 2643 supremi,
1149 2568 1210 2625 590

227 2657 325 2736 Ignoti
339 2678 416 2716 nova
430 2659 524 2716 sorma
538 2659 603 2730 viri,
619 2658 845 2735 miserandaque
859 2661 951 2731 cultu,

226 2751 377 2822 Procedit,
393 2753 576 2829 supplexque
591 2770 696 2808 manus
711 2751 747 2808 ad
765 2752 863 2810 littora
877 2753 979 2812 tendit.

226 2843 435 2922 Respicimus:
459 2844 524 2902 dira
538 2844 663 2914 illuvies,
680 2844 868 2921 immissaque
884 2848 988 2917 barba,

227 2934 408 3001 Consertum
424 2948 564 3016 tegumen
579 2937 670 3014 spinis
686 2957 694 3005 ;
719 2946 747 2995 at
763 2947 873 2996 caetera
887 2939 1009 3007 Graius,

225 3029 266 3090 Ut
281 3031 428 3107 quondam
442 3032 544 3108 patriis
560 3031 596 3088 ad
616 3031 738 3106 Trojam
751 3032 859 3088 missus
875 3032 1013 3091 inarmis.
1112 3098 1117 3105 ‚
1147 3033 1209 3092 505

228 3123 317 3200 lsque
333 3125 383 3181 ubi
400 3124 571 3182 Dardanios
588 3125 706 3181 habitus
720 3132 749 3181 et
763 3125 857 3182 Troia
871 3125 941 3182 vidit

227 3220 320 3276 Arma
341 3218 454 3293 procul,
472 3219 590 3294 paulum
605 3218 747 3295 adspectu
763 3219 939 3277 conterritus
954 3219 1049 3291 haesit,

228 3309 441 3384 Continuitque
456 3311 582 3385 gradum
598 3331 605 3378 ;
629 3329 696 3367 mox
710 3331 777 3368 sese
792 3311 829 3368 ad
844 3311 941 3369 littora
956 3332 1090 3390 praeceps

227 3399 306 3460 Cum
321 3401 391 3458 fletu
407 3401 603 3478 precibusque
618 3403 683 3459 tulit
700 3423 706 3458 :
730 3404 789 3461 Per
802 3405 900 3462 sidera
914 3413 1017 3477 testor,

228 3491 290 3552 Per
304 3496 443 3571 Superos,
461 3502 549 3569 etque
563 3495 620 3552 hoc
635 3496 704 3553 coeli
718 3497 857 3573 spirabile
872 3498 981 3570 lumen,
1150 3502 1210 3561 θα)

226 3587 335 3645 Tollite
349 3605 408 3656 me,
423 3586 555 3656 Teucri;
578 3607 779 3665 quascumque
795 3590 933 3648 abducite
947 3600 1055 3662 terras,

226 3681 297 3739 Hoc
310 3690 357 3738 sat
375 3682 439 3740 erit.
483 3681 551 3739 Scio
566 3701 612 3739 me
626 3683 741 3741 Danais
755 3704 772 3740 e
788 3685 934 3743 classibus
948 3704 1049 3757 unum,

225 3775 265 3832 Et
280 3774 358 3832 bello
373 3774 481 3832 iliacos
495 3775 590 3832 suteor
604 3778 722 3854 petiisse
737 3778 875 3836 Penates.

225 3865 286 3925 Pro
301 3887 369 3943 quo,
386 3867 411 3925 si
425 3868 549 3925 sceleris
562 3878 645 3926 tantu
660 3881 704 3927 est
719 3871 825 3946 injuria
839 3872 942 3944 nostri,

226 3961 363 4037 Spargite
378 3980 424 4018 me
439 3960 468 4017 in
483 3961 601 4032 fluctus,
618 3972 760 4039 vastoque
775 3964 939 4042 immergite
954 3973 1053 4042 ponto.
1150 3966 1209 4025 605

227 4052 259 4112 Si
275 4072 375 4130 pereo,
391 4054 540 4111 hominum
554 4055 688 4112 manibus
703 4057 825 4133 periisse
843 4057 966 4131 juvabit.

226 4146 353 4207 Dixerat
367 4167 375 4218 ;
399 4156 439 4220 et,
454 4168 554 4226 genua
572 4149 724 4227 amplexus
738 4152 923 4228 genibusque
938 4152 1084 4223 volutans,
