2692 5122
453 717 652 766 sucotlcn.
690 718 769 766 ECL.
795 718 843 766 IX.

150 856 279 935 Propter
293 876 380 934 aqum
394 856 489 941 rivum
503 857 588 915 viridi
599 858 765 935 procumlrit
779 857 810 916 in
824 854 895 916 ulvd

150 951 282 1023 Perdita,
299 969 356 1009 nec
369 968 445 1010 serae
458 951 589 1009 meminit
603 949 749 1010 decedere
763 951 844 1010 nocti
859 969 868 1020 ;

151 1046 235 1105 Telis
249 1064 333 1103 emor
346 1052 457 1115 teneat,
473 1063 530 1103 nec
545 1045 583 1104 sit
596 1044 667 1103 mihi
680 1064 755 1103 cura
769 1044 889 1102 mederi.
960 1114 969 1127 μ

151 1139 263 1199 Ducite
277 1140 314 1196 ab
328 1139 402 1196 urbe
416 1137 546 1209 domum,
562 1157 629 1197 mea
642 1139 786 1208 carmine,
802 1136 901 1196 ducite
915 1135 1066 1214 Daphnin.
1100 1138 1140 1196 90

190 1231 259 1291 Has
271 1231 341 1290 olim
355 1231 477 1290 exuvies
490 1231 561 1290 mihi
572 1231 702 1310 perfidus
716 1231 765 1290 ille
780 1230 908 1307 reliquit,

151 1324 284 1404 Pignore
296 1343 370 1382 cara
384 1324 430 1382 sui
448 1343 455 1393 ;
481 1344 547 1401 quae
561 1344 640 1385 nunc
655 1343 724 1402 ego,
740 1323 839 1382 limine
853 1324 883 1380 in
897 1323 972 1401 ipso,

151 1418 260 1489 Terra,
275 1417 328 1474 tibi
342 1417 448 1475 mando
464 1436 470 1474 :
494 1417 602 1475 debent
616 1417 682 1476 hsce
698 1417 823 1495 pignore
837 1415 988 1493 Daphnin.

152 1510 262 1569 Ducite
277 1512 314 1568 eb
328 1512 401 1568 urbe
415 1511 542 1581 domum,
559 1529 626 1568 mea
641 1511 783 1581 carmine,
799 1508 898 1567 ducite
912 1506 1064 1586 Daphnin.

191 1603 260 1661 Hes
273 1603 393 1675 herbas,
410 1613 499 1679 atque
513 1603 579 1662 brec
592 1604 689 1662 Ponto
704 1603 773 1661 milii
788 1603 867 1660 lecte
881 1619 1007 1672 venena,
1098 1601 1139 1660 95

152 1694 222 1774 lpse
235 1696 315 1755 dedit
327 1696 435 1755 Moeris
448 1714 456 1765 3
479 1705 643 1755 nascuntur
657 1697 782 1774 plurima
795 1695 900 1753 Ponto.
1214 1682 1218 1689 ⁴

153 1788 214 1848 His
227 1809 283 1867 ego
297 1789 376 1866 saepe
392 1789 491 1866 lupum
506 1789 581 1860 lieri,
597 1796 673 1847 etse
687 1788 817 1846 condere
830 1787 913 1845 silvie

154 1881 274 1953 Moerin,
292 1882 371 1960 saepd
386 1883 499 1941 animas
514 1883 579 1940 imis
593 1882 693 1940 exone
707 1881 862 1957 sepulcris,

154 1977 252 2053 Atque
266 1990 348 2035 satas
362 1975 421 2035 alid
436 1977 494 2034 vidi
507 1975 665 2034 traducere
679 1995 802 2036 messes.

153 2070 264 2129 Ducite
278 2073 316 2129 ab
331 2072 404 2130 urbe
418 2070 544 2142 domum,
560 2090 627 2129 mea
641 2072 784 2142 carmine,
801 2071 900 2130 ducite
913 2069 1066 2149 Daphnin.
1082 2072 1139 2130 100

192 2165 253 2224 Fer
266 2165 395 2236 cineres,
411 2165 565 2242 Amarylli,
580 2166 670 2237 soree,
687 2166 810 2242 rivoque
824 2165 927 2224 fluenti

154 2258 312 2335 Trnnsque
326 2266 415 2336 caput
425 2259 494 2336 jace
510 2277 518 2328 ;
542 2277 598 2317 nec
612 2260 789 2337 respexeris.
828 2257 888 2318 His
902 2277 961 2336 ego
973 2256 1117 2336 Daphnin

155 2352 346 2430 Aggredior:
368 2352 440 2410 nihil
455 2353 504 2410 ille
515 2352 596 2422 deos,
613 2353 653 2409 nil
667 2354 810 2424 cei-mine,
826 2362 919 2410 curet.

155 2445 264 2504 Ducite
279 2448 315 2504 ab
331 2448 404 2504 urbe
419 2446 546 2516 domum,
563 2463 629 2501 mee
642 2446 784 2514 carmine,
801 2445 899 2502 ducite
913 2443 1064 2522 Daphnin.

193 2539 322 2616 Adspice
338 2557 345 2596 z
368 2538 511 2616 corripuit
526 2536 658 2594 tremulis
672 2536 778 2593 alteris
790 2536 915 2594 flammis
1083 2537 1138 2595 105

157 2635 265 2711 Sponte
279 2636 344 2706 sud,
360 2635 430 2693 dum
445 2633 523 2691 serre
537 2652 646 2703 moror,
663 2632 739 2690 cinis
752 2633 824 2709 ipse.
867 2632 983 2690 Bonum
997 2631 1056 2690 eit!
1131 2623 1143 2644 ⁸

157 2730 265 2787 Nescio
280 2730 350 2806 quid
363 2728 446 2788 certo
461 2738 506 2786 est
522 2748 530 2798 ;
554 2737 582 2785 et
597 2728 700 2805 Hylax
715 2729 745 2786 in
759 2728 859 2786 limine
874 2727 971 2788 latret.

156 2821 314 2881 Credimus
330 2823 341 2878 l
364 2843 411 2893 en,
430 2823 479 2899 qui
494 2829 604 2891 ament,
621 2821 675 2898 ipsi
690 2821 745 2879 sibi
760 2821 873 2879 somnia
887 2822 1001 2900 lingunt
1017 2821 1028 2879 ?

155 2915 285 2993 Parcite,
300 2918 338 2975 eb
353 2917 426 2973 urbe
443 2915 533 2985 venit,
545 2916 607 2990 jam
621 2915 746 2992 parcite,
762 2916 906 2986 carmina,
922 2914 1069 2993 Daphnis.

506 3278 697 3344 ECLOGA
721 3278 780 3342 IX.

581 3415 716 3464 ramme.

580 3551 718 3591 LYClDAS.

157 3659 227 3727 Quo
240 3667 281 3732 te,
296 3659 398 3732 Moeri,
415 3659 507 3737 pedes
523 3657 534 3714 l
556 3676 605 3727 an,
623 3655 680 3733 qud
695 3656 743 3714 vie
755 3655 846 3728 ducit,
863 3655 893 3714 in
907 3655 1035 3716 urbem?

587 3833 700 3873 MOERIS.

157 3937 324 4015 OLycida,
339 3939 397 3998 vivi
411 3938 608 4015 pervenimus,
625 3938 741 3995 advena
753 3936 846 3995 nostri

159 4030 260 4108 (Quod
274 4051 424 4107 nunquam
439 4032 523 4088 veriti
537 4032 653 4108 sumus)
668 4038 700 4088 ut
713 4050 869 4106 possessor
882 4030 972 4108 agelli

156 4124 289 4195 Diceret,
310 4131 329 4157 ‘⁸
340 4124 418 4183 Haec
437 4143 504 4183 mea
517 4133 607 4193 sunt;
630 4132 759 4194 veteres,
776 4124 911 4202 migrate,
927 4125 1059 4186 coloni.”

158 4217 185 4275 N
188 4238 245 4276 unc
258 4218 339 4288 victi,
355 4218 465 4288 tristes,
483 4219 619 4294 quoniam
633 4217 711 4275 Fors
725 4218 823 4277 omnia
837 4224 947 4290 versat,
1117 4219 1138 4276 ⁵

157 4308 223 4369 Hos
237 4311 280 4368 illi
294 4311 387 4390 (quod
401 4331 457 4370 nec
473 4313 547 4369 bene
562 4319 657 4368 vertat
673 4312 694 4390 !)
717 4312 856 4370 mittimus
869 4311 980 4372 haedos.

576 4488 713 4529 LYClDAS.

158 4589 250 4654 Certe
265 4593 403 4671 equidem
416 4593 580 4667 audieram,
597 4591 658 4670 qud
670 4612 703 4652 se
717 4550 886 4653 sirbduccre
899 4591 991 4652 eolles

491 4689 511 4744 3
521 4689 538 4725 ὓ
