2692 5122
189 402 251 463 Μ
480 397 509 446 Ρ.
529 396 697 445 viriumr
719 397 893 447 HAROMS

190 539 306 598 Vocem
320 539 509 614 animamque
522 538 611 616 repit,
623 539 751 614 trajecto
763 546 884 615 gutture
899 555 907 606 ;
931 543 961 595 at
974 535 1026 596 ille

189 634 303 692 Fronte
318 633 383 692 ferit
397 641 520 701 terram,
535 642 565 690 et
578 651 717 691 crassum
729 632 818 690 vomit
833 650 885 689 ore
899 638 1048 689 cruorem.

189 724 268 786 Tres
284 747 403 805 quoque
417 727 589 799 Threicios,
607 725 716 785 Boreae
730 727 767 785 de
781 734 871 804 gente
889 722 1041 802 supremi,
1124 724 1187 785 880

189 822 229 880 Et
243 832 316 894 tres,
334 842 409 898 quos
423 820 493 880 Idas
507 835 593 900 pater
607 830 636 879 et
651 821 748 899 patria
762 821 879 879 Ismara
890 819 989 891 mittit,

188 915 249 975 Per
262 917 361 975 varios
375 917 480 974 sternit
494 935 593 974 cesus.
631 915 775 974 >Accurrit
789 914 936 985 Halesus,

188 1012 404 1089 Auruncaeque
420 1031 527 1070 manus
542 1032 550 1082 ;
574 1012 653 1071 subit
667 1020 696 1069 et
710 1010 864 1088 Neptunia
877 1009 987 1088 proles,

189 1105 320 1185 Insignis
333 1106 494 1183 Messapus
508 1106 603 1182 equis.
646 1105 809 1183 Expellere
821 1102 947 1163 tendunt

188 1199 216 1259 N
220 1218 278 1259 uno
294 1200 335 1272 hi,
351 1219 431 1259 nunc
446 1200 487 1257 illi
506 1218 513 1257 :
537 1208 670 1259 certetur
682 1199 781 1258 limine
796 1199 827 1256 in
840 1198 906 1275 ipso
1120 1198 1185 1257 ³⁶5

188 1294 343 1354 Ausoniae.
387 1292 506 1372 Magno
520 1293 674 1351 discordes
689 1291 801 1351 aethere
814 1291 896 1350 venti

187 1387 302 1446 Proelia
314 1407 372 1446 ceu
386 1388 503 1459 tollunt,
521 1387 627 1446 animis
641 1396 671 1445 et
685 1386 798 1445 viribus
812 1385 927 1462 aequis:

187 1480 216 1538 N
219 1500 257 1538 on
271 1481 327 1559 ipsi
342 1481 420 1539 inter
435 1499 480 1550 se,
496 1501 556 1539 non
570 1480 684 1551 nubile,
699 1499 759 1538 non
773 1498 856 1537 mare
871 1477 1001 1537 cedunt:

186 1574 309 1651 Anceps
325 1594 425 1652 pugna
439 1574 489 1632 diu
503 1594 511 1643 ;
535 1582 614 1632 stant
629 1574 740 1631 obnixa
753 1572 852 1631 omnia
866 1572 983 1632 contri.

187 1664 281 1725 Haud
296 1668 383 1726 aliter
396 1668 538 1743 Trojanm
554 1668 636 1725 acies
650 1667 793 1744 aciesque
808 1667 926 1725 Latinae
1122 1664 1184 1725 880

188 1759 382 1821 Concurrunt
396 1779 404 1831 3
430 1762 523 1820 baeret
538 1762 613 1839 pede
629 1781 692 1839 pes,
709 1762 880 1838 densusque
894 1761 958 1819 viro
971 1759 1031 1819 vir.

180 1929 182 1933 Ι
225 1856 266 1913 At
282 1866 366 1932 perte
385 1874 423 1913 ex
437 1854 508 1927 olid,
526 1855 587 1932 qud
600 1875 675 1914 saxa
688 1856 817 1914 rotantia
831 1853 890 1913 late

187 1947 348 2032 Impulerat
362 1957 481 2008 torrens
494 1952 678 2026 arbustaque
693 1950 792 2007 diruta
804 1948 888 2027 ripis,

186 2043 335 2114 Arcadas,
351 2043 485 2101 insuetos
500 2044 584 2101 acies
598 2044 708 2102 inferre
724 2043 889 2121 pedestres,

186 2134 226 2194 Ut
241 2137 311 2195 vidit
325 2136 426 2194 Pellae
439 2133 529 2196 Latio
543 2137 616 2197 dare
631 2146 718 2216 terga
731 2136 866 2214 sequaci,

186 2230 307 2307 Aspera
322 2231 407 2307 queis
421 2241 529 2289 natura
543 2232 601 2290 loci
615 2232 763 2290 dimittere
779 2229 897 2307 quando

188 2325 287 2383 Suasit
302 2345 418 2402 equos;
442 2346 534 2385 unum
549 2327 627 2404 quod
641 2329 732 2386 rebus
746 2335 839 2385 restat
854 2326 971 2404 egenis,

185 2417 275 2477 Nunc
291 2439 393 2496 prece,
410 2441 490 2479 nuno
504 2421 592 2480 dictis
606 2423 746 2480 virtutem
760 2421 898 2481 accendit
908 2421 1038 2481 amaris:

224 2512 295 2579 Quo
310 2513 423 2590 sugitis,
441 2515 515 2572 socii
530 2515 541 2570 ἰ
563 2535 617 2592 per
631 2535 684 2574 vos
698 2525 727 2574 et
742 2516 829 2573 sortia
846 2517 937 2587 facta,

184 2602 244 2663 Per
258 2605 343 2663 ducis
357 2607 492 2665 Evandri
507 2628 625 2680 nomen,
642 2608 819 2686 devictoque
834 2610 924 2681 bella,
1119 2612 1181 2670 3Ίο

185 2700 334 2776 Spemque
349 2719 456 2772 meam,
475 2703 578 2778 patriae
594 2722 661 2778 qum
675 2723 755 2762 nunc
769 2704 848 2762 subit
862 2704 969 2762 aemula
981 2703 1074 2776 laudi,

183 2792 281 2851 Fidite
297 2812 334 2851 ne
349 2794 484 2871 pedibus.
527 2796 624 2854 Ferro
639 2797 804 2874 rumpenda
818 2817 872 2874 per
887 2797 989 2856 hostes

183 2887 239 2945 Est
253 2888 311 2946 via.
356 2887 427 2956 Qut
441 2890 549 2968 globus
563 2891 612 2949 ille
627 2889 723 2949 viriim
737 2891 932 2950 densissimus
945 2899 1045 2970 urget,

182 2981 214 3039 H
218 2980 254 3040 dc
271 3000 324 3040 voe
339 2991 368 3039 ct
382 2983 522 3042 Pallante
537 2985 645 3043 ducem
659 2986 755 3063 patria
771 2986 832 3043 alta
845 2985 986 3064 reposcit.

182 3074 314 3134 Numina
328 3077 411 3135 nulla
427 3087 583 3155 premunt:
606 3080 722 3140 mortali
738 3099 881 3158 urgemur
895 3081 933 3137 nb
951 3078 1037 3138 hoste
1116 3082 1177 3141 uto

180 3169 325 3229 Mortales
340 3190 347 3240 ;
372 3173 493 3230 totidem
507 3174 592 3231 nobie
606 3174 773 3251 animmque
788 3193 966 3252 manusque.

181 3264 276 3336 Ecce,
292 3268 383 3323 maris
397 3267 508 3345 magns
522 3269 632 3326 claudit
647 3289 702 3327 nos
717 3270 814 3346 objice
829 3278 936 3347 pontus
950 3287 958 3338 ;

179 3356 275 3416 Deest
285 3359 349 3434 jam
361 3368 443 3417 terra
457 3361 555 3437 sugae:
579 3363 715 3441 pelagus,
731 3363 893 3439 Trojamne
908 3361 1069 3440 petemus?

218 3451 297 3509 Haec
312 3452 363 3522 uit,
380 3460 409 3509 et
424 3455 539 3511 medius
553 3455 662 3513 densos
677 3457 838 3534 prorumpit
854 3457 883 3514 in
900 3457 1010 3516 hostes.

178 3545 293 3606 Obvius
308 3548 377 3605 huic
392 3549 527 3625 primirm,
544 3552 612 3610 satie
627 3552 772 3610 adductus
785 3553 904 3629 iniquis,
1113 3554 1174 3612 880

178 3641 227 3699 Fit
241 3642 368 3718 Lagus:
391 3642 480 3714 bunc,
497 3664 605 3724 magno
621 3647 702 3704 vellit
717 3647 786 3705 dum
800 3647 931 3725 pondere
946 3666 1062 3719 saxum,

179 3733 291 3792 Intorto
307 3735 370 3813 tigit
383 3737 455 3807 telo,
472 3737 644 3797 discrimine
658 3741 750 3798 costis

177 3826 237 3884 Per
249 3828 378 3887 medium
393 3830 453 3906 qud
467 3833 553 3908 spina
566 3833 655 3903 dedit,
672 3833 850 3911 hastamque
864 3843 999 3912 receptat

176 3919 303 3979 Ossibus
318 3923 489 3984 haerentem.
533 3926 633 3993 Quem
648 3948 706 3985 non
720 3929 954 4007 superoccupat
970 3930 1081 4002 Hisbo,

176 4012 230 4072 Ille
247 4017 364 4092 quidem
379 4018 436 4076 hoc
450 4039 575 4097 sperans
589 4040 597 4090 ;
622 4041 691 4080 nem
704 4023 807 4081 Pallas
822 4022 891 4081 ante
906 4033 1054 4095 ruentem,
1111 4022 1168 4083 ³86

175 4108 255 4167 Dum
270 4110 351 4180 surit,
367 4112 519 4170 incautum
534 4114 648 4172 crudeli
664 4125 757 4174 morte
772 4117 893 4187 sodalis,

174 4203 305 4282 Excipit,
322 4213 413 4282 atque
427 4224 531 4265 ensem
544 4207 657 4266 tumido
673 4209 701 4266 in
717 4210 855 4287 pulmone
870 4211 1015 4272 recondit.
