2692 5122
203 365 241 422 93
485 360 513 408 r.
534 358 707 408 vraorurs
724 360 897 410 nasonis

203 496 243 557 Ut
257 498 446 581 primumlpx
460 500 538 557 alma
551 499 621 558 data
636 508 691 570 est,
708 500 800 571 exire,
816 500 958 577 locosque

201 593 368 672 Explorare
384 574 476 653 novos
489 613 497 664 ;
525 614 600 670 quas
613 604 701 654 vento
715 597 878 652 accesserit
892 614 971 666 oras,

203 686 265 755 Qui
279 696 411 759 teneant,
427 706 496 746 nam
510 688 623 745 inculta
637 687 728 758 videt,
744 687 928 760 hominesne,
944 688 1067 760 feraene,

203 779 350 848 Quaerere
365 781 526 851 constituit,
543 781 693 858 sociisque
708 790 814 839 exacta
828 782 984 874 πείθω

203 872 342 935 Classem
356 875 386 933 in
400 894 534 933 convexo
547 893 711 946 nemorum,
728 877 783 933 sub
797 895 872 953 rupe
889 874 1007 948 cavatis,
1129 878 1189 935 310

200 969 369 1029 Arboribus
384 969 517 1027 clausam
531 968 644 1027 circiim
659 976 748 1045 atque
763 952 951 1027 horrentibus
965 968 1088 1040 umbris,

201 1063 321 1123 Occulit
336 1081 342 1119 :
365 1062 429 1140 ipse
444 1082 503 1120 uno
518 1062 654 1141 graditur
667 1063 825 1120 comitatus
840 1063 968 1135 Achate,

200 1156 278 1215 Bina
291 1176 380 1214 manu
395 1156 455 1214 lato
470 1157 605 1232 crispans
619 1156 737 1214 hastilia
750 1156 839 1216 ferro.

202 1248 263 1309 Cui
277 1259 336 1308 mat
414 1247 483 1308 edis
496 1269 563 1308 sese
578 1250 643 1308 tulit
658 1250 746 1308 obvia
759 1248 845 1320 silvii,

201 1269 589 1422 Virginisffiahitumque
604 1363 724 1420 gerens,
741 1352 770 1401 et
787 1343 909 1422 virginis
927 1363 1010 1402 arma
1129 1345 1188 1402 316

202 1438 356 1515 Spartanae
368 1457 376 1506 ;
400 1438 447 1495 vel
462 1437 559 1513 qualis
573 1456 667 1513 equos
681 1435 828 1495 Threissa
842 1436 946 1515 fatigat

201 1529 388 1608 Harpalyce,
404 1531 616 1607 volucremque
630 1529 703 1608 suga
716 1531 904 1607 praevertitur
916 1531 1042 1591 Eurum.
1111 1520 1115 1528 ’

201 1625 340 1701 Namque
355 1625 485 1682 humeris
499 1623 535 1681 de
549 1643 630 1682 more
645 1624 774 1681 hahilem
787 1625 982 1701 suspenderat
997 1576 1101 1684 filum

202 1717 363 1788 Venatrix,
377 1718 560 1794 dederatque
573 1737 687 1775 comam
700 1717 867 1776 diffundere
883 1720 1000 1788 ventis;

200 1812 291 1873 Nuda
304 1832 395 1892 genu
411 1813 548 1889 nodoque
562 1813 644 1870 sinus
659 1812 935 1873 collectafluentcs.
1127 1816 1188 1872 820

201 1909 247 1967 Ac
262 1909 361 1984 prior:
384 1906 482 1977 Heus,
500 1906 605 1982 inquit,
616 1907 755 1982 juvenes,
772 1915 932 1966 monstrate
947 1925 1082 1967 mearum

200 2000 362 2059 Vidistis
339 2020 365 2058 si
379 2019 468 2077 quam
482 1999 531 2058 hic
545 2009 695 2059 errantem
708 2000 783 2059 sorte
802 2020 1045 2108 sororumqffir

201 2096 390 2157 succinctam
404 2094 547 2174 pharetra
560 2103 590 2154 et
603 2097 764 2154 maculosae
778 2096 908 2173 tegmine
922 2082 1029 2174 lyncii,

115 2248 118 2253 .
201 2193 263 2251 Aut
275 2192 439 2270 spumantis
454 2191 518 2268 apri
531 2209 653 2249 cursum
666 2190 796 2248 clamore
811 2199 1019 2283 prementem.

240 2287 290 2344 Sic
305 2287 431 2355 Venus;
455 2294 484 2342 et
498 2284 628 2343 Veneris
641 2282 784 2341 contrh
760 2302 805 2341 arc
819 2283 897 2341 filius
911 2302 1020 2342 orsus
1128 2285 1187 2342 ³25
1293 2302 1299 2314 ·

199 2380 229 2439 N
233 2379 294 2437 ulla
306 2380 424 2437 tuarurh
437 2378 539 2436 audita
552 2377 623 2435 mihi
637 2396 735 2453 neque
750 2378 815 2434 visa
827 2395 974 2448 sororum,

200 2473 239 2544 Ο,
256 2492 344 2548 quam
357 2482 386 2531 te
402 2470 587 2530 memorem?
609 2470 693 2548 virgo
707 2489 715 2539 ;
738 2489 866 2545 namque
881 2469 960 2527 haud
975 2469 1028 2529 tihi
1042 2469 1142 2530 vultus

200 2565 348 2637 Mortalis,
364 2585 420 2624 nec
435 2585 492 2623 vox
506 2564 653 2622 hominem
667 2563 815 2636 sonam
829 2563 886 2620 dea
901 2563 983 2621 certe
999 2582 1007 2633 ;

198 2660 248 2717 An
262 2659 368 2716 Phoebi
382 2677 468 2715 soror
484 2657 495 2713 l
519 2676 557 2714 au
572 2655 777 2733 Nympharum
791 2656 946 2733 sauguinis
960 2676 1020 2714 una
1035 2655 1046 2712 i

199 2751 248 2810 sis
263 2752 342 2823 felix,
358 2761 550 2826 nostrumque
565 2750 657 2820 leves,
675 2767 881 2826 quacumque,
897 2749 1052 2818 lahorem
1127 2751 1187 2808 330

198 2845 239 2905 Et
255 2865 313 2922 quo
328 2848 382 2903 suh
398 2845 476 2933 coslo
489 2843 619 2914 tandem,
637 2844 743 2920 quihus
757 2844 838 2901 orbis
852 2843 881 2901 in
896 2844 957 2901 oris

197 2938 364 3015 Jactemur,
380 2938 511 2997 doceas:
534 2937 632 3015 ignari
646 2936 855 3013 hominumque
870 2937 1064 3014 locorumque

197 3032 354 3105 Erramus,
370 3042 459 3092 vento
473 3033 531 3090 huc
546 3040 576 3090 et
591 3032 681 3090 vastis
694 3030 833 3089 fluctibus
849 3032 918 3090 acti.

197 3127 296 3187 Multa
308 3128 361 3185 tihi
375 3136 445 3185 ante
460 3146 529 3184 aras
543 3124 647 3184 nostrai
659 3124 745 3183 cadet
759 3125 856 3183 hostia
870 3123 985 3184 dextrd.
995 3167 1027 3229 Χ

236 3221 316 3280 Tum
329 3221 433 3279 Venus
447 3240 454 3278 τ
470 3219 563 3278 Haud
578 3219 715 3295 equidem
729 3219 781 3276 tali
795 3238 842 3276 me
857 3218 964 3298 dignor
976 3219 1089 3279 honore
1101 3237 1110 3276 t
1124 3220 1183 3279 335

196 3313 373 3391 Virginibus
385 3313 487 3391 Tyriis
502 3333 564 3370 mos
577 3321 623 3370 est
637 3322 755 3389 gestare
771 3312 950 3388 pharetram,

196 3398 412 3484 Purpurcoq'ue
428 3407 486 3464 altd
501 3425 587 3464 suras
602 3405 713 3485 vincire
727 3404 882 3463 cothurno.

196 3499 313 3558 Punica
326 3519 420 3576 regna
434 3499 527 3570 vides,
542 3499 663 3576 Tyrios,
679 3505 708 3554 et
722 3498 873 3576 Agenoris
886 3499 992 3557 urbem
1006 3518 1014 3568 ;

198 3593 257 3651 Sed
272 3594 346 3651 fines
359 3593 478 3668 Libyci,
495 3613 591 3671 genus
605 3591 792 3650 intractabile
806 3592 895 3652 hello.

196 3685 357 3764 Imperium
371 3686 451 3745 Dido
464 3686 560 3763 Tyris
574 3687 650 3764 regit
664 3688 737 3744 urhe
753 3686 896 3762 prosecta,
1124 3687 1184 3746 ato

196 3778 381 3838 Germanum
396 3779 522 3856 fugiens.
564 3780 671 3859 Longa
684 3789 730 3838 est
744 3780 862 3856 injuria,
878 3781 974 3860 longa

196 3873 350 3950 Ambages
363 3892 370 3941 ;
395 3871 447 3930 sed
462 3892 577 3930 summa
589 3892 701 3949 sequar
714 3874 834 3953 fastigia
847 3893 974 3980 rerum?

235 3964 319 4024 Huic
333 3965 441 4041 conjux
456 3966 600 4041 Sychaeus
614 3975 689 4038 erat,
706 3967 866 4027 ditissimus
886 3986 952 4046 agri
1029 3997 1033 4007 ·

194 4056 383 4129 Phoenicum,
400 4068 429 4116 et
443 4077 551 4135 magno
565 4058 681 4118 miserae
696 4059 823 4120 dilectus
838 4080 971 4149 amores

196 4150 257 4213 Cui
272 4166 355 4233 pater
368 4151 511 4211 intactam
524 4150 657 4224 dederat,
673 4155 833 4233 primisque
849 4153 974 4234 jugdrat
1122 4156 1183 4216 345
