2692 5122
175 399 234 456 m
339 341 344 355 =
460 388 487 434 P.
508 387 674 436 vinoun
691 386 862 435 uaaottls

176 530 272 589 Vobis
285 529 364 607 picta
377 547 467 587 croco
481 537 510 585 et
524 527 648 604 fulgenti
662 526 774 584 murice
788 525 899 594 vestia3

176 623 310 682 Desidiae
326 622 407 680 cordi
421 641 429 690 3
449 621 534 696 juvat
550 620 704 697 indulgere
717 620 835 677 cboreis
850 637 859 687 ;
1098 616 1158 679 615

178 717 218 774 Et
231 716 340 774 tunicae
354 716 496 786 manicas,
513 723 542 772 et
556 714 666 771 babent
684 710 856 770 redimicula
869 711 972 768 mitras.

178 809 206 868 Ο
220 809 290 866 rerd
304 809 455 886 Pbrygiae,
471 826 568 884 neque
582 807 661 866 enim
673 806 821 883 Phryges,
838 804 877 861 ite
891 822 944 880 per
957 803 1018 863 alta

178 901 339 978 Dindyma,
355 903 406 960 ubi
421 903 548 960 assuetis
562 901 687 959 biforem
700 900 750 957 dat
764 899 837 956 tibia
851 905 978 957 cantum

178 994 337 1072 Tympana
349 1002 402 1053 vos
417 997 572 1070 buxusque
586 1003 693 1052 vocant
706 991 887 1067 Berecyntia
899 991 1001 1050 matris

179 1086 278 1147 tdeae.
319 1088 411 1145 Sinite
426 1107 508 1145 arma
523 1088 604 1158 viris,
619 1096 649 1145 et
664 1087 760 1144 cedite
774 1085 862 1142 ferro.
1096 1082 1160 1142 620

218 1181 306 1238 Talia
317 1181 480 1256 jactantem
495 1181 583 1238 dictis
597 1200 633 1238 ao
648 1180 712 1237 dira
727 1187 885 1237 canentem

70 1264 76 1273 ’
113 1326 118 1335 ,
179 1272 207 1331 N
210 1293 248 1331 on
261 1275 326 1331 tulit
340 1275 489 1332 Ascanius
503 1292 511 1342 3
533 1291 684 1349 nervoque
698 1274 842 1330 obversus
855 1270 963 1346 equino

180 1365 308 1424 Intendit
322 1368 424 1437 telum,
440 1368 616 1443 diverseque
632 1366 753 1425 brachia
772 1367 885 1423 ducens

180 1457 331 1531 Constitit,
348 1460 416 1518 ante
430 1460 451 1518 J
453 1479 537 1518 ovem
551 1460 675 1537 supplex
689 1467 823 1536 perroto
841 1463 1000 1534 precatus:

178 1551 297 1629 Jupiter
310 1553 503 1629 omnipotens,
520 1553 683 1611 audacibus
697 1570 794 1609 annue
809 1549 934 1627 caeptis:
1101 1543 1162 1604 825

181 1643 248 1721 Ipse
262 1646 315 1702 tibi
331 1646 366 1702 ad
380 1655 432 1703 tua
445 1646 556 1723 templa
570 1647 662 1703 feram
677 1645 820 1703 solemnia
834 1645 910 1701 dona
924 1661 932 1712 ;

179 1737 219 1795 Et
233 1746 360 1796 statuam
375 1747 443 1795 ante
459 1758 527 1797 aras
541 1738 648 1797 aurati
662 1740 757 1796 fronte
768 1739 930 1813 juvencum

180 1829 376 1903 Gaudentem,
393 1832 563 1909 pariterque
578 1840 667 1909 caput
681 1851 749 1890 oum
762 1840 855 1889 matre
870 1831 1024 1900 serentem,

183 1921 265 2001 [Jem
279 1943 371 1981 cornu
387 1933 467 2001 petat
481 1935 509 1982 et
525 1925 648 2002 pedibus
663 1925 713 2001 qui
726 1932 847 2001 spargat
862 1921 1009 2000 arenam]

181 2017 282 2075 Audiit
297 2026 324 2074 et
339 2019 408 2076 coeli
422 2019 539 2095 genitor
553 2019 589 2075 de
605 2028 686 2096 parte
702 2016 811 2076 sereni

181 2108 311 2168 intonuit
325 2111 430 2170 loevbm
448 2131 454 2169 :
477 2121 562 2169 sonat
577 2111 637 2169 und
654 2112 752 2169 letifer
764 2129 862 2168 arcus.

180 2203 293 2281 Effugit
308 2205 486 2263 borrendbrn
500 2205 627 2263 stridens
641 2205 769 2262 adducta
783 2204 903 2280 sagitta,

180 2296 298 2371 Perque
313 2307 401 2374 caput
415 2298 536 2356 Remuli
549 2298 639 2368 venit,
656 2306 684 2354 et
698 2316 773 2354 cava
786 2305 919 2372 tempora
933 2293 1013 2352 ferro

180 2389 314 2463 Trajicit.
359 2389 383 2460 I,
401 2391 499 2448 verbis
514 2391 650 2448 virtutem
665 2391 754 2448 illude
768 2390 912 2465 superbis.

179 2478 233 2537 Bis
247 2482 325 2558 eapti
339 2483 476 2560 Phryges
491 2483 555 2541 haec
569 2484 690 2541 Rutulis
703 2502 847 2560 responsa
861 2482 1022 2539 remittunt.

180 2571 250 2630 Hoc
269 2576 382 2632 tantbm
396 2576 554 2634 Ascanius.
596 2576 708 2634 Teucri
723 2577 852 2634 clamore
866 2582 1042 2650 sequuntur,

180 2664 359 2742 Loetitidque
375 2668 511 2738 fremunt,
529 2669 700 2743 animosque
716 2668 753 2726 ad
767 2668 867 2726 sidera
880 2667 995 2725 tollunt.

219 2759 363 2818 AEtberid
375 2769 437 2817 tum
451 2760 525 2818 forte
541 2760 630 2838 plagia
643 2761 767 2818 crinitus
781 2761 888 2837 Apollo
930 2803 932 2807 ,

180 2850 321 2929 Desuper
335 2853 487 2911 Ausonias
502 2854 581 2912 acies
596 2855 757 2929 urbemque
772 2853 902 2924 videbat,

181 2944 268 3004 Nube
283 2946 390 3003 sedens
403 2966 411 3015 ;
436 2956 524 3023 atque
539 2946 584 3004 his
598 2948 739 3005 victorem
753 2946 861 3003 affatur
874 2945 972 3004 Iulum
988 2962 995 3002 :

180 3036 282 3095 Macte
296 3038 375 3097 nord
389 3040 506 3110 virtute,
524 3060 596 3117 puer
612 3060 619 3109 ;
643 3040 686 3097 eie
700 3040 759 3097 itur
773 3039 808 3096 ad
823 3046 915 3109 astra,

179 3130 238 3189 Dis
251 3134 362 3209 genite,
380 3141 408 3190 et
422 3135 557 3210 geniture
572 3134 653 3193 deos.
695 3135 770 3207 Jpre
784 3132 883 3190 omnia
896 3131 976 3190 bella

180 3223 278 3282 Gente
294 3224 348 3282 sub
363 3227 506 3284 Assaraci
520 3227 580 3283 sato
595 3234 719 3284 ventura
732 3225 884 3283 resident:

180 3315 208 3374 N
212 3335 246 3374 ec
261 3327 290 3374 te
304 3318 396 3392 Troje
411 3318 499 3394 capit.
542 3319 643 3389 Simul,
660 3320 724 3384 hmo
739 3319 857 3388 effatus,
873 3318 911 3375 ab
926 3317 986 3374 alto

179 3408 308 3467 AEtbere
324 3429 356 3466 se
371 3410 466 3479 mittit,
483 3411 628 3487 spirantes
642 3411 769 3468 dimovet
783 3429 884 3481 aurae,

179 3502 402 3577 Ascaniumque
417 3502 497 3578 petit.
540 3503 678 3560 Formam
691 3512 752 3561 tum
768 3504 890 3561 vertitur
903 3502 964 3561 oris
1031 3491 1036 3501 ’

179 3596 343 3672 Antiquom
357 3596 386 3652 in
402 3596 506 3655 Buten.
548 3597 609 3654 Hic
623 3596 777 3655 Dardanio
791 3597 932 3654 Anchisae

180 3687 321 3765 Armiger
334 3688 403 3746 ante
418 3689 481 3760 suit,
498 3690 632 3765 fidusque
647 3690 683 3746 ad
697 3690 798 3747 limina
812 3700 912 3746 custos
927 3709 935 3758 ;

179 3780 256 3837 Tum
270 3781 406 3839 comitem
420 3783 550 3841 Ascanio
564 3791 648 3859 pater
663 3783 782 3842 addidit.
824 3782 891 3840 Ibat
905 3781 1014 3860 Apollo

179 3872 287 3932 Omnia
301 3876 435 3953 longaevo
448 3878 560 3948 similis,
577 3895 751 3953 vocemque,
769 3877 970 3953 coloremque,

177 3967 218 4024 Et
233 3968 331 4026 crines
345 3972 437 4045 albos¹
454 3980 482 4028 et
497 3991 578 4029 saeva
592 3971 747 4028 sonoribus
762 3988 865 4039 arma;

178 4059 279 4136 Atque
294 4063 339 4121 his
355 4065 506 4122 ardentem
520 4065 606 4122 dictis
620 4064 729 4121 affatur
743 4064 839 4121 lulum
855 4081 862 4119 ε

178 4155 221 4213 Sit
235 4158 318 4228 satis,
333 4159 484 4230 AEneada,
500 4160 567 4218 telis
582 4159 698 4236 impune
713 4160 883 4217 Numanum
