2692 5122
176 389 234 445 320
463 380 489 427 Ρ.
511 379 867 429 v1aG1L11Ms1tottls

170 521 358 580 ‘Proveniunt
372 541 380 591 ;
403 540 501 597 neque
514 530 555 591 te,
571 519 686 590 AEnea‚
701 539 767 577 mea
781 520 905 578 dextera
921 527 1040 576 servat:

177 615 277 691 Major
291 616 351 693 agit
365 616 449 685 deus,
466 624 556 690 atque
571 634 663 691 opera
676 613 715 670 ad
729 613 843 688 majora
854 613 985 672 remittit.

216 709 281 781 Ille,
298 709 402 766 avidus
416 729 534 786 pugnas,
551 727 637 765 suras
651 707 812 765 incluserat
826 726 900 764 auro
1105 707 1167 766 4³0

177 803 260 861 Hinc
275 813 363 881 atque
377 803 457 872 hinc,
474 802 593 877 oditque
609 820 717 872 moras,
734 801 909 878 hastamque
925 807 1075 859 coruscat.

177 897 340 973 Postquam
353 897 460 953 habilis
474 896 559 953 lateri
574 896 698 971 clypeus
711 895 863 972 loricaque
878 906 964 972 tergo
979 902 1034 966 est,

177 992 339 1050 Ascanium
354 989 426 1048 susis
441 989 554 1046 circhm
568 988 774 1066 complectitur
789 989 889 1060 armis,

178 1087 356 1159 Summaque
372 1103 425 1159 per
438 1083 556 1161 galeam
571 1083 706 1141 delibans
720 1083 825 1140 oscula
840 1083 917 1140 satur
932 1100 939 1139 :

176 1177 281 1248 Disce,
298 1197 382 1254 puer,
399 1178 536 1235 virtutem
550 1197 588 1234 ex
602 1196 659 1247 me,
675 1195 837 1252 verumque
852 1177 1006 1246 laborem3
1105 1178 1167 1235 400

177 1272 340 1329 Fortunam
352 1291 388 1329 ex
403 1271 479 1329 aliis.
523 1271 551 1328 N
555 1290 612 1328 unc
626 1281 656 1328 te
670 1289 737 1328 mea
752 1271 875 1328 dextera
889 1270 967 1328 bello

177 1365 342 1423 Defensum
356 1365 447 1435 dabit,
464 1374 493 1421 et
509 1384 620 1442 magna
634 1365 711 1422 inter
725 1364 845 1441 praemia
859 1364 957 1421 ducet.

176 1459 225 1517 Tu
240 1460 339 1530 facito,
355 1479 423 1517 mox
438 1479 527 1534 quum
541 1468 658 1516 matura
672 1458 836 1515 adoleverit
851 1466 934 1527 aetas,

178 1553 225 1610 Sis
239 1573 360 1623 memor,
377 1564 406 1610 et
419 1562 460 1624 te,
477 1553 574 1610 animo
589 1560 773 1628 repetentem
788 1551 923 1628 exempla
936 1559 1066 1623 tuorum,

177 1645 217 1704 ut
232 1656 316 1722 pater
329 1646 459 1716 AEneas,
476 1655 505 1702 et
520 1646 685 1703 avunculus
700 1646 809 1703 excitet
822 1644 950 1703 Hector.
1106 1647 1167 1704 440

217 1739 295 1798 Haec
310 1740 362 1797 uhi
375 1740 456 1797 dicta
471 1739 560 1810 dedit,
578 1739 669 1817 portis
683 1758 750 1796 sese
765 1739 869 1797 extulit
883 1739 1000 1816 ingens,

176 1833 284 1891 Telum
299 1834 424 1891 immane
439 1853 528 1891 manu
544 1834 681 1909 quatiens
697 1852 703 1889 :
727 1833 812 1891 simul
828 1833 945 1909 agmine
960 1833 1053 1890 denso

176 1927 372 2003 Antheusque
386 1927 622 2003 Mnestheusque
636 1933 726 1984 ruunt
742 1945 750 1995 ;
774 1926 928 2002 omnisque
942 1926 1055 1985 relictis

176 2018 280 2077 Turba
295 2020 358 2077 fluit
373 2020 489 2078 castris.
532 2020 610 2077 Tum
624 2039 706 2077 caeco
721 2020 842 2096 pulvere
856 2038 979 2096 campus

176 2111 334 2184 Miscetur,
351 2113 497 2189 pulsuque
513 2113 619 2191 pedum
630 2112 728 2170 tremit
742 2112 839 2170 excita
853 2112 951 2170 tellus.
1107 2115 1167 2173 44⁶

76 2228 80 2237 =
111 2259 124 2286 Ι
176 2205 257 2263 Vidit
272 2208 309 2263 ab
325 2206 451 2264 adverso
466 2207 618 2264 venientes
634 2224 747 2284 aggere
762 2205 897 2276 Turnus,

176 2297 289 2358 Videre
303 2300 429 2357 Ausonii
448 2319 456 2369 ;
479 2300 654 2377 gelidusque
669 2319 721 2376 per
735 2300 794 2357 ima
807 2300 939 2358 cucurrit

176 2391 256 2450 Ossa
268 2401 388 2452 tremor.
429 2393 531 2450 Prima
544 2402 613 2450 ante
628 2412 730 2451 omnos
742 2394 763 2451 J
765 2403 872 2451 uturna
888 2392 1013 2451 Latinos

175 2485 288 2555 Audiit,
305 2486 485 2562 agnovitque
500 2505 615 2557 sonum,
632 2495 661 2543 et
675 2486 849 2544 tremefacta
863 2486 981 2564 refugit.

176 2575 231 2635 Ille
246 2579 335 2648 volat,
350 2598 514 2654 campoque
530 2587 625 2637 atrurn
639 2581 714 2657 rapit
729 2599 837 2658 agmen
852 2588 965 2657 aperto.
1107 2582 1166 2639 4⁵0

177 2670 284 2737 Qualis
298 2672 347 2729 ubi
363 2672 398 2728 ad
413 2681 520 2744 terras,
537 2676 662 2750 abrupto
677 2675 784 2745 sidere,
801 2676 918 2732 nimbus

176 2764 203 2822 lt
217 2784 298 2822 mare
314 2785 367 2842 per
379 2766 507 2824 medium
525 2785 531 2822 :
555 2767 681 2838 miseris,
699 2767 778 2826 heu!
801 2768 928 2846 praescia
942 2766 1032 2846 longe

175 2858 364 2917 Horrescunt
379 2860 471 2917 corda
486 2861 625 2938 agricolis
644 2881 651 2918 τ
674 2862 754 2920 dabit
768 2863 817 2919 ille
832 2863 934 2920 ruinas

175 2954 351 3024 Arboribus,
368 2963 560 3031 stragemque
575 2955 668 3024 satis3
691 2965 757 3012 ruet
771 2956 869 3013 omnia
884 2955 943 3013 late
959 2973 966 3011 :

174 3047 362 3116 Antevolant,
379 3047 566 3123 sonitumque
582 3048 676 3106 serunt
692 3049 729 3106 ad
744 3049 843 3106 littora
857 3048 945 3107 venti.
1107 3049 1167 3106 455

174 3141 259 3199 Talis
273 3141 303 3198 in
317 3141 459 3198 adversos
473 3141 578 3199 ductor
591 3142 751 3200 Rhoetei'us
765 3143 865 3200 hostes

175 3235 292 3311 Agmen
307 3235 368 3310 agit
384 3253 391 3290 z
414 3234 498 3292 densi
511 3236 616 3293 cuneis
630 3255 662 3293 se
679 3236 804 3312 quisque
819 3235 933 3294 coactis

176 3327 399 3403 Agglomerant.
442 3327 525 3385 Ferit
540 3347 612 3385 ense
626 3348 748 3406 gravem
762 3329 959 3406 Thymbraeus
972 3327 1086 3386 Osirim
1102 3347 1110 3397 ;

175 3420 350 3476 Archetium
364 3419 542 3478 Mnestheus
558 3440 565 3489 ;
590 3422 757 3498 Epulonem
772 3425 928 3480 obtruncat
943 3422 1089 3493 Achates,

176 3512 374 3589 Ufentemque
388 3512 473 3589 Gyas
489 3533 496 3569 t
519 3515 597 3572 cadit
612 3516 675 3592 ipse
689 3516 866 3574 Tolumnius
881 3534 989 3593 augur,
1106 3517 1166 3573 460

175 3606 293 3664 Primus
302 3605 331 3663 in
340 3604 476 3663 adversos
484 3608 575 3665 telum
589 3609 639 3684 qui
652 3618 781 3667 torserat
797 3609 907 3668 hostes.

176 3696 304 3756 Tollitur
317 3699 347 3756 in
361 3699 470 3756 coelum
485 3701 607 3773 clamor,
624 3703 763 3778 versique
780 3704 909 3761 vicissim

175 3790 388 3849 Pulverulenta
401 3791 474 3870 fugai
487 3794 592 3851 Rutuli
607 3795 677 3852 dant
691 3806 779 3873 terga
794 3816 848 3874 per
863 3816 962 3874 agros.

177 3882 246 3960 Ipse
260 3904 357 3960 neque
373 3904 495 3943 aversos
509 3887 648 3964 dignatur
662 3898 795 3947 sternere
810 3892 907 3962 morti,

176 3977 243 4036 Nec
258 3977 331 4053 pede
346 3997 524 4055 congressos
539 4000 635 4057 aequo,
652 4002 708 4040 nec
722 3984 783 4041 tela
798 3983 928 4041 serentes
1106 3983 1164 4042 4⁸6

177 4071 348 4146 Insequitur
362 4090 369 4127 τ
392 4073 487 4129 solum
501 4072 594 4132 densa
608 4076 638 4132 in
651 4076 781 4154 caligine
794 4075 932 4132 Turnum

175 4164 313 4243 Vestigat
327 4165 457 4223 lustrans
469 4185 477 4236 ς
500 4167 595 4225 solum
609 4169 639 4226 in
653 4169 818 4226 certamina
832 4169 937 4246 poscit.
