2692 5122
177 394 232 453 192
466 389 492 436 r.
512 386 679 434 vinorum
699 384 871 433 Minurus

175 530 302 589 Sedibus
316 530 396 588 hunc
410 527 490 585 reser
504 525 571 583 ante
587 526 658 595 suis,
677 532 706 581 et
721 523 814 581 conde
829 521 979 601 sepulcro.

175 625 246 683 Duc
260 625 362 700 nigras
377 621 508 699 pecudes
523 639 530 688 ;
555 639 592 676 ea
608 619 700 695 prima
714 617 833 693 piacula
846 623 944 674 sunto.

176 719 227 776 Sic
241 717 359 775 demum
372 717 457 773 lucos
472 715 603 790 Stygios,
620 730 714 788 regna
728 711 807 767 invia
822 709 906 780 vivis,

175 811 343 888 Adspicies.
386 808 479 878 Dixit,
497 824 660 883 pressoque
680 804 824 862 obmutuit
842 821 906 867 ore,
1109 801 1166 860 155

215 905 334 963 AEneas
348 910 455 961 moesto
470 899 585 957 defixus
599 899 711 956 lumina
725 899 807 955 vultu

177 998 358 1077 Ingreditur,
375 997 512 1071 linquens
533 1002 660 1062 antrum,
678 1011 835 1067 caecosque
853 991 965 1048 volutat

176 1093 312 1151 Eventus
326 1090 424 1147 animo
438 1107 550 1146 secum.
594 1086 654 1145 Cui
669 1087 745 1144 fidus
759 1086 892 1143 Achates

178 1185 206 1244 It
219 1204 330 1254 comes,
347 1192 376 1240 et
392 1183 512 1260 peribus
527 1181 609 1238 curis
621 1180 747 1257 vestigia
762 1180 834 1256 figit.

177 1277 275 1335 Multa
295 1277 373 1333 inter
387 1294 453 1333 sese
468 1274 552 1331 vario
566 1292 703 1330 sermone
718 1273 879 1330 serebant:
1111 1270 1167 1328 160

179 1370 278 1437 Quem
292 1369 405 1427 socium
420 1368 585 1425 exanimem
600 1374 693 1436 vates,
711 1366 789 1440 quod
808 1385 917 1442 corpus
931 1364 1124 1436 humandum,

177 1463 312 1522 Diceret.
355 1463 456 1538 Atque
472 1461 512 1518 illi
527 1461 677 1516 Misenum
690 1460 719 1516 in
734 1460 832 1516 littore
846 1459 939 1530 sicco,

178 1555 218 1615 Ut
232 1554 353 1626 vendre,
370 1555 470 1612 vident
484 1553 605 1630 indigna
620 1562 713 1609 morte
730 1561 912 1629 peremptum
927 1571 934 1621 ;

179 1648 333 1709 Misenum
348 1648 502 1717 AEoliden,
520 1667 578 1722 quo
592 1666 650 1703 non
666 1646 853 1722 praestantior
867 1647 943 1703 alter

177 1743 258 1801 AEro
273 1744 354 1800 ciere
369 1743 458 1812 viros,
475 1741 664 1816 Martemque
680 1740 846 1797 accendere
859 1748 960 1797 cantu.
1112 1738 1168 1796 165

178 1835 324 1894 Hectoris
339 1836 387 1892 hie
403 1835 503 1912 magni
517 1835 614 1891 suerat
630 1853 729 1890 comes
745 1852 751 1889 :
775 1833 912 1890 Hectora
924 1833 1039 1891 circum

178 1930 218 1988 Et
237 1931 310 1988 lituo
325 1950 441 2007 pugnas
457 1929 580 2006 insignis
594 1930 693 1986 obibat
708 1935 736 1985 et
751 1927 848 1986 bestii.

178 2023 342 2099 Postquam
356 2024 437 2081 illum
453 2022 514 2080 vitat
528 2023 623 2080 victor
637 2023 772 2099 spoliavit
787 2021 933 2093 Achilles,

178 2116 333 2175 Dardanio
348 2118 458 2175 AEneae
474 2136 540 2174 sese
556 2116 732 2173 fortissimus
749 2117 838 2173 heros

178 2211 343 2269 Addiderat
358 2212 482 2281 socium,
499 2230 557 2267 non
572 2210 713 2267 inferiora
727 2218 858 2267 secutus.

179 2305 238 2361 Sed
252 2313 324 2375 tum,
342 2304 416 2362 forte
432 2302 509 2361 caval
524 2304 593 2360 dum
608 2313 747 2378 personat
762 2321 883 2378 oequora
898 2300 1026 2374 concbd,

178 2397 323 2467 Demens,
341 2406 370 2454 et
385 2405 474 2454 cantu
490 2404 575 2453 vocat
591 2397 621 2452 in
635 2398 798 2453 certamina
812 2397 906 2468 divos,

178 2490 322 2548 AEmulus
336 2499 493 2566 exceptum
507 2489 613 2546 Triton
628 2490 667 2562 (si
682 2490 805 2547 credere
820 2490 941 2567 dignum
956 2491 1016 2568 est)

179 2582 261 2643 Inter
275 2604 348 2641 saxa
363 2585 458 2641 virum
473 2582 614 2659 spumosi
627 2585 813 2641 immerserat
829 2584 918 2642 undb.

178 2676 263 2754 Ergo
278 2696 380 2733 omncs
394 2696 503 2752 magno
518 2677 630 2733 circum
646 2677 775 2734 clamore
791 2678 956 2735 fremebant
969 2695 977 2746 ;

177 2769 335 2846 Proecipub
351 2770 416 2846 pius
431 2770 560 2828 AEne'ns.
604 2769 682 2828 Tum
698 2771 784 2845 jussa
798 2771 930 2847 sibyllae,

178 2862 271 2920 Haud
286 2882 379 2933 mora,
394 2863 533 2920 festinant
548 2864 653 2920 flentes
670 2883 677 2932 ;
702 2883 844 2939 aramque
859 2863 989 2940 sepulcri

180 2955 356 3035 Congercre
372 2959 537 3028 arboribus,
555 2959 692 3034 caeloque
708 2959 837 3016 educere
853 2965 978 3017 certant.

179 3050 244 3109 Itur
258 3053 287 3109 in
303 3053 452 3127 antiquam
467 3053 582 3123 silvam,
599 3054 716 3110 stabula
731 3054 792 3109 alta
806 3053 934 3110 ferarum
950 3072 957 3109 τ

178 3146 381 3204 Procumbunt
397 3148 489 3223 picem
504 3167 511 3216 ;
536 3157 621 3204 sonat
637 3149 696 3204 icta
710 3148 867 3204 securibus
881 3148 940 3204 ilex
954 3165 962 3217 ;

178 3239 396 3314 Fraxineoeque
411 3242 511 3298 trabes
525 3242 629 3298 cuneis
644 3251 672 3297 et
692 3241 781 3297 fissile
797 3241 888 3297 robur

180 3331 330 3388 Scinditur
344 3351 351 3400 ;
376 3333 535 3390 advolvunt
550 3335 686 3410 ingentes
700 3334 848 3390 montibus
862 3353 961 3392 ornos.

178 3422 207 3481 N
210 3443 246 3481 ec
260 3444 319 3480 non
335 3423 449 3482 AEneas
463 3446 555 3502 opera
569 3428 646 3484 inter
659 3428 731 3484 talio
745 3428 856 3503 primus

178 3515 328 3574 Hortatur
342 3519 449 3588 socios,
467 3520 646 3595 paribusque
663 3521 828 3598 accingitur
843 3521 932 3578 armis
947 3537 954 3576 :

179 3610 279 3686 Atque
294 3611 359 3668 haec
375 3611 436 3688 ipse
452 3631 506 3668 suo
521 3613 597 3670 tristi
615 3634 682 3671 cum
698 3614 787 3671 corde
804 3614 926 3684 volutat,
1114 3612 1168 3672 186

179 3702 369 3780 Adspectnns
384 3705 489 3762 silvam
502 3707 687 3778 immensam,
704 3716 732 3764 ct
750 3709 793 3765 sic
808 3727 883 3766 voce
898 3714 1060 3786 precatur:

180 3795 211 3852 Si
224 3815 303 3853 nunc
319 3817 351 3854 se
365 3799 451 3855 nobis
465 3800 514 3856 ille
530 3819 639 3857 aureus
655 3802 760 3858 arbore
775 3822 877 3859 ramus

179 3888 326 3947 Ostendat
341 3911 461 3948 nemore
476 3892 601 3950 intanto
616 3896 622 3949 !
647 3895 764 3969 quando
779 3896 878 3952 omnia
892 3894 974 3965 vere,

179 3981 272 4042 Heu!
292 3985 413 4042 nimium
429 3986 508 4044 dete
523 3996 618 4059 vates,
634 3988 762 4059 Misene,
779 3990 879 4046 locuta
894 3998 948 4048 est.

179 4073 238 4134 Vix
253 4097 289 4134 ea
305 4078 382 4136 fatus
396 4088 471 4150 erat,
488 4082 612 4157 gemina
629 4102 718 4156 quum
733 4082 807 4139 sorte
823 4084 979 4156 columbae,

179 4169 249 4249 Ipsa
263 4174 317 4231 sub
333 4193 386 4232 ora
401 4175 465 4247 viri,
483 4177 560 4234 coilo
575 4175 685 4235 vendre
700 4178 845 4249 volantes,
