2692 5122
513 365 540 413 Ρ.
559 363 721 412 viamen
744 362 918 411 maeonis

587 647 779 716 acnoon
802 647 848 714 11.
1031 678 1042 713 .
1084 738 1087 743 ¹

649 810 789 861 nuum.

222 957 403 1017 Fonnosom
415 963 516 1034 pastor
530 953 673 1033 Corydon
688 954 810 1013 ardebat
824 953 943 1025 Alexin,

221 1051 357 1110 Delicias
371 1051 480 1109 domini
496 1070 503 1120 ;
528 1069 594 1122 nec,
611 1050 680 1126 quid
695 1058 842 1127 speraret,
858 1049 999 1106 habebat.

221 1145 351 1203 Tanthm
364 1146 441 1202 inter
455 1144 573 1214 densas,
591 1146 730 1201 umbroso
744 1142 913 1213 cacumina,
930 1141 1016 1219 sagos

221 1236 355 1297 Assidub
371 1237 509 1296 veniebat
525 1256 533 1307 ;
557 1237 597 1295 ibi
612 1238 677 1295 haec
692 1227 842 1294 inc'ondita
853 1235 935 1293 solua

96 1401 101 1410 ι
220 1330 374 1390 Montibus
389 1340 418 1389 et
433 1331 514 1389 silvis
528 1330 625 1388 studio
635 1330 770 1406 jactabat
789 1329 879 1387 inani.

259 1424 287 1483 0
302 1424 431 1482 crudelis
444 1424 543 1495 Alexi,
559 1424 631 1480 nihil
645 1442 712 1480 mea
726 1422 859 1480 carmina
874 1439 964 1478 curas
981 1418 992 1475 l

221 1517 272 1577 Nil
286 1517 379 1575 nostri
393 1517 535 1575 miserere
553 1517 563 1573 l
584 1516 658 1574 mori
672 1535 719 1572 me
734 1515 862 1590 denique
877 1531 979 1591 coges.

220 1610 248 1670 N
252 1630 310 1668 unc
325 1610 413 1668 etiam
428 1610 558 1688 pecudes
573 1610 694 1666 umbras
708 1616 736 1666 ct
752 1608 863 1685 frigora
878 1614 998 1683 captant
1012 1623 1022 1676 ;

219 1703 309 1762 Nunc
324 1703 433 1761 virides
448 1704 535 1760 etiam
549 1703 700 1760 occultant
713 1701 829 1778 spineta
843 1700 973 1758 lacertos
988 1717 996 1756 ι

218 1796 372 1873 Thestylis
386 1805 416 1854 et
429 1796 532 1874 rapido
547 1796 633 1854 sessis
647 1795 828 1853 messoribus
843 1802 917 1852 aestu
1173 1793 1209 1852 10

219 1891 300 1950 Allia
314 1891 546 1968 serpyllumque,
563 1890 673 1948 herbas
687 1888 840 1947 contundit
854 1888 979 1946 olentes.

219 1985 259 2042 At
273 2002 390 2042 mecum
404 1983 514 2054 raucis,
530 1992 583 2041 tua
596 1983 665 2041 dum
683 1981 810 2059 vestigia
824 1981 946 2076 lustro,.

98 2132 102 2139 .
220 2075 288 2135 Sole
303 2077 358 2135 sub
373 2076 487 2135 ardenti
503 2086 642 2135 resonant
657 2078 780 2134 arbusta
793 2073 915 2132 cicadis.

218 2169 326 2231 Nonne
341 2170 395 2228 fuit
409 2171 503 2227 satius
516 2169 617 2227 tristes
630 2167 825 2245 Amaryllidis
838 2166 900 2224 iras

218 2261 319 2340 Atque
334 2264 464 2339 superba
479 2263 538 2338 pati
552 2262 670 2320 fastidia
685 2261 695 2318 l
717 2279 814 2318 nonno
829 2258 994 2318 Menalcan
1009 2258 1021 2317 i
1173 2261 1208 2322 15

219 2355 366 2424 Quamvis
379 2355 428 2412 ille
442 2355 539 2432 niger,
557 2355 691 2431 quamvis
705 2362 737 2411 tu
752 2352 895 2411 candidus
909 2372 1003 2412 esses.

218 2449 247 2508 O
261 2450 387 2507 formose
402 2467 487 2525 puer,
502 2448 624 2506 nimiirm
637 2467 675 2506 ne
690 2447 780 2507 crede
794 2446 888 2504 colori
903 2448 910 2503 !

217 2542 297 2602 Alba
311 2542 435 2619 ligustra
451 2540 571 2613 cadunt,
587 2541 724 2599 vaccinia
737 2539 825 2618 nigra
837 2539 989 2617 leguntur.

217 2634 389 2712 Despectus
403 2633 457 2691 tibi
471 2654 548 2706 sum,
563 2654 620 2692 nec
636 2634 687 2711 qui
702 2634 757 2692 sim
772 2633 892 2709 quaeris,
909 2632 997 2691 Alexi
1011 2651 1019 2704 ;

218 2725 317 2795 Quem
330 2727 413 2785 dives
427 2727 545 2805 pecoris
559 2727 648 2798 nivei,
665 2726 753 2804 quim
766 2727 854 2785 lactis
868 2725 1035 2786 abundans.
1166 2728 1207 2786 20

216 2820 301 2879 Mille
316 2839 390 2879 meae
406 2820 516 2880 Siculis
530 2830 632 2879 errant
648 2821 677 2880 in
691 2821 839 2879 montibus
855 2840 941 2898 agnae
954 2839 962 2890 ;

216 2913 282 2973 Lac
297 2914 366 2971 mihi
380 2933 439 2972 non
451 2922 555 2973 aestate
569 2934 688 2986 novum,
701 2935 760 2973 non
774 2915 886 2992 frigore
900 2914 981 2973 defit.

218 3007 328 3079 Canto,
347 3027 413 3084 quae
427 3008 541 3079 solitus,
558 3009 584 3066 si
598 3008 716 3084 quando
730 3017 863 3066 armenta
878 3009 1015 3080 vocabat,

217 3099 367 3178 Amphion
381 3101 521 3160 Dircaeus
538 3101 568 3159 in
583 3103 690 3160 Actaeo
703 3101 889 3179 Aracyntho.

217 3194 284 3253 Nec
299 3215 365 3253 sum
379 3194 454 3253 adeb
469 3195 602 3253 informis
616 3215 623 3264 3
647 3215 743 3273 nuper
756 3215 803 3254 mo
818 3196 848 3254 in
861 3196 960 3254 littore
976 3197 1046 3270 vidi,
1165 3198 1206 3256 25

218 3286 320 3354 Quum
334 3287 482 3372 placidum
496 3288 592 3345 ventis
605 3296 698 3345 staret
712 3308 794 3347 mare
808 3307 815 3345 t
839 3309 898 3347 non
912 3308 970 3368 ego
983 3289 1137 3370 Daphnin,

216 3378 325 3439 Judice
339 3389 379 3451 te,
395 3388 536 3451 metuam,
552 3380 578 3438 si
592 3400 744 3456 nunquam
757 3381 840 3439 fallat
855 3382 963 3461 imago.

256 3473 284 3532 0
297 3473 412 3531 tantiim
425 3473 516 3531 libeat
530 3492 647 3531 mecum
660 3474 714 3531 tibi
728 3474 847 3532 sordida
860 3495 932 3534 rura

216 3567 317 3642 Atque
332 3566 458 3624 humiles
472 3567 607 3625 habitare
622 3586 720 3638 casas,
737 3576 766 3625 et
782 3568 874 3645 figere
889 3589 1005 3642 cervos,

218 3658 443 3735 Haedorumque
458 3680 582 3738 gregem
597 3660 682 3718 viridi
697 3662 876 3739 compellere
891 3662 1025 3722 hibisco!
1164 3667 1205 3724 30

217 3752 339 3812 Mecum
353 3751 414 3834 ungi
427 3753 457 3811 in
471 3754 553 3812 silvis
567 3754 721 3812 imitabere
735 3754 819 3812 Pana
834 3756 978 3816 canendo.

216 3845 282 3904 Pan
297 3847 407 3923 primus
420 3847 552 3905 calamos
566 3849 635 3905 cersi
649 3847 832 3926 conjungere
848 3849 949 3926 plures

218 3936 347 3998 Instituit
361 3958 368 4009 ;
391 3939 457 3998 Pon
472 3949 643 3999 curatores
658 3941 815 4016 oviumque
829 3942 995 4021 magistros.

219 4033 329 4093 Necte
344 4035 486 4111 poeniteat
500 4034 616 4092 calamo
630 4034 748 4092 trivisse
765 4035 925 4094 labellum:

217 4125 296 4186 Haec
311 4127 416 4186 eadem
430 4137 461 4186 ut
476 4128 576 4198 sciret,
594 4127 663 4203 quid
677 4148 736 4187 non
750 4128 878 4187 faciebat
892 4129 1062 4206 Amatae?
1161 4134 1201 4192 35
