2692 5122
174 383 234 443 m
465 378 492 425 P.
516 377 687 426 VolRGILIl
714 374 887 428 MARO'NIS

175 517 302 575 Turbati
317 517 414 587 cunei,
432 517 637 594 calefactaque
652 519 743 576 corda
756 519 893 577 tumultu.
965 537 969 546 ·

175 610 277 671 Hasta
291 612 404 683 volans,
421 620 451 669 ut
467 612 542 669 fortb
557 632 662 669 novem
678 613 877 689 pulcherrima
891 610 1017 669 fratrum
1107 613 1169 673 ato

177 704 314 782 Corpora
328 706 520 763 constiterant
536 707 652 777 contra,
670 724 743 781 quos
757 705 817 762 fida
831 703 951 763 crearat

175 797 244 856 Una
257 805 299 854 tot
314 798 445 856 Arcadio
460 799 568 873 conjux
582 799 741 875 Tyrrhena
754 798 884 875 Gylippo
898 817 905 868 ;

176 890 294 949 Horum
309 912 409 962 unum,
427 892 462 948 ad
478 892 617 962 medium,
634 893 740 950 teritur
755 891 816 969 quel
829 892 927 949 sutilis
947 892 1015 950 alvo

175 983 310 1056 Balteus,
326 993 356 1042 et
370 986 495 1043 laterum
506 985 664 1060 juncturas
679 986 769 1044 fibula
783 985 908 1056 mordet,

176 1077 343 1156 Egregium
358 1078 452 1136 sormd
462 1079 603 1154 juvenem
619 1088 648 1136 et
663 1078 844 1157 fulgentibus
859 1079 960 1151 armis,
1060 1115 1079 1149 ς,
1104 1081 1167 1139 276

175 1169 369 1250 Transadigit
384 1180 494 1242 costas,
512 1172 648 1247 fulvique
664 1172 786 1229 effundit
802 1172 893 1228 arena

176 1264 217 1321 At
231 1263 349 1337 fratres,
367 1266 499 1323 animosa
513 1266 652 1343 phalanx,
669 1285 857 1340 accensaque
873 1266 966 1336 luctu,

176 1356 253 1414 Pars
267 1358 381 1436 gladios
396 1360 544 1437 stringunt
559 1361 704 1429 manibus,
722 1379 790 1435 pars
808 1360 918 1438 missile
935 1359 1045 1417 serrum

178 1448 361 1527 Corripiunt‚
379 1453 513 1527 caecique
527 1463 624 1509 ruunt.
667 1453 753 1519 Quos
768 1453 887 1530 agmina
902 1460 1006 1509 contra

176 1544 361 1603 Procurrunt
375 1543 560 1604 Laurentum
575 1566 583 1602 ·.
607 1547 675 1603 hinc
689 1546 773 1603 densi
788 1564 891 1603 rursus
905 1545 1049 1603 inundant
1106 1548 1169 1607 200

175 1638 283 1710 Troes,
299 1639 500 1717 Agyllinique,
517 1650 547 1697 et
562 1641 648 1716 pictis
662 1639 798 1697 Arcades
813 1640 913 1697 armis.

177 1732 228 1791 Sic
242 1752 344 1790 omnes
359 1752 442 1790 amor
457 1752 533 1790 unus
549 1734 638 1790 habet
658 1733 822 1790 decernere
838 1733 925 1790 serro.

176 1825 338 1904 Diripuere
353 1847 421 1886 aras
436 1847 443 1884 ε
466 1829 488 1885 it
502 1837 564 1885 tota
578 1827 695 1885 turbida
710 1828 788 1885 coelo

175 1919 354 1997 Tempestas
367 1921 505 1991 telorum,
523 1941 559 1978 ac
575 1922 689 1980 ferreus
706 1922 815 2000 ingruit
831 1922 944 1978 imber:

177 2011 383 2090 craterasque
398 2015 539 2091 focosque
555 2014 661 2074 serunt.
704 2015 795 2092 Fugit
809 2015 872 2092 ipse
886 2012 1024 2085 Latinus,
1106 2017 1168 2076 285

175 2107 315 2165 Pulsatos
329 2107 463 2166 reserens
477 2108 585 2165 inlecto
601 2109 713 2168 foedere
728 2109 820 2167 divos.

176 2200 340 2278 Inlroenqnt
356 2201 405 2259 alii
419 2221 549 2272 currus;
573 2212 624 2260 aut
639 2222 764 2280 corpora
779 2202 854 2259 saltu

177 2295 342 2370 Subjiciunt
358 2295 387 2352 in
401 2314 506 2370 equos,
522 2304 552 2352 et
566 2296 677 2353 strictis
691 2295 812 2352 ensibus
826 2292 943 2351 adsunt.

175 2387 335 2466 Messapus
349 2407 462 2465 regem,
480 2389 619 2464 regisque
635 2389 750 2465 insigne
764 2395 929 2464 gerentem,

175 2480 365 2558 Tyrrhenum
380 2480 535 2550 Aulesten,
552 2481 657 2538 avidus
671 2480 851 2538 confundere
867 2478 975 2550 loedus,
1106 2483 1169 2541 290

175 2574 312 2632 Adverso
327 2583 472 2651 proterret
487 2593 565 2649 equo
581 2593 587 2630 :
610 2575 669 2632 ruit
683 2575 732 2632 ille
746 2574 904 2645 recedens,

175 2667 216 2725 Et
231 2668 320 2724 miser
334 2667 475 2744 oppositis
490 2686 508 2723 a
521 2677 607 2745 tergo
622 2668 780 2725 involvitur
794 2668 854 2725 aris

176 2760 212 2819 In
226 2770 315 2836 caput
329 2761 419 2835 inque
432 2760 580 2819 humeros.
624 2762 663 2818 At
679 2761 809 2819 fervidus
824 2760 941 2818 advolat
955 2759 1044 2819 hastis

175 2853 346 2931 Messapus,
362 2855 482 2930 teloque
497 2865 630 2912 orantem
646 2855 737 2912 multa
751 2855 860 2912 trabali

175 2947 316 3025 Desuper
330 2948 407 3006 altus
421 2967 499 3024 equo
513 2949 645 3025 graviter
660 2948 737 3017 serit,
753 2958 843 3023 atque
858 2948 900 3004 ita
914 2947 1011 3005 satur:
1103 2949 1168 3008 aab

175 3041 246 3100 Hoc
260 3042 349 3099 habet
366 3061 373 3110 ;
398 3042 462 3099 baec
476 3042 580 3099 melior
594 3041 710 3119 magnis
724 3041 792 3098 data
807 3041 926 3098 victima
940 3041 1024 3099 divis.

176 3134 368 3194 Concurrunt
384 3133 461 3206 Itali,
478 3134 663 3211 spoliantque
679 3134 807 3190 calentia
820 3135 962 3192 membra.

175 3228 290 3287 Obvius
305 3231 471 3286 ambustum
485 3237 594 3284 torrem
610 3227 777 3303 Corynaeus
793 3228 829 3284 ab
844 3226 899 3285 arai

176 3319 318 3398 Corripit,
336 3329 364 3378 et
379 3321 507 3378 venienti
521 3321 636 3391 Ebuso,
653 3321 829 3397 plagamque
845 3320 961 3391 serenti,

175 3413 313 3490 Occupat
329 3434 362 3470 os
377 3413 500 3470 flammis
516 3433 522 3469 ι
545 3413 595 3470 olli
610 3414 716 3491 ingens
731 3414 824 3470 barba
838 3414 954 3484 reluxit,
1104 3418 1166 3475 000

175 3505 378 3581 Nidoremque
393 3507 530 3563 ambusta
544 3506 632 3565 dedit.
678 3505 775 3583 Supdr
788 3506 851 3583 ipse
867 3515 988 3565 secutus

176 3599 341 3658 Caesariem
355 3597 432 3656 laevt
445 3601 555 3657 turbati
571 3600 691 3677 corripit
703 3600 805 3670 hostis¹

176 3690 386 3769 Impressoque
400 3711 479 3770 genu
496 3695 592 3751 nitens
606 3704 693 3751 terrae
708 3693 836 3769 applicat
851 3693 946 3769 ipsum
961 3712 968 3749 :

176 3785 226 3843 Sic
241 3787 335 3864 rigido
350 3787 427 3842 latus
442 3806 513 3843 ense
529 3787 604 3844 serit.
646 3786 813 3844 Podalirius
827 3787 933 3844 Alsum

174 3878 342 3950 Pastorem,
359 3878 512 3956 primique
528 3881 591 3937 acie
604 3899 656 3956 per
670 3881 730 3937 tela
744 3889 890 3950 ruentem,
1105 3883 1165 3941 005

175 3972 257 4030 Ense
273 3992 403 4048 sequens
417 3972 495 4030 nudo
510 3973 731 4049 superimminet
747 3993 754 4030 :
777 3974 825 4030 ille
841 3975 940 4033 securi

175 4066 304 4126 Adversi
318 4067 443 4125 frontem
458 4067 583 4125 mediam
599 4078 787 4144 mentumque
801 4067 927 4126 reductis

174 4161 305 4239 Disjicit,
321 4171 350 4220 et
364 4181 469 4240 sparso
483 4162 542 4220 late
557 4162 634 4239 rigat
649 4181 732 4218 arma
746 4179 862 4220 cruore.
