2692 5122
767 366 771 381 Ι

482 801 658 851 AENEIDOS
677 801 748 850 Lm
762 802 841 851 Vlll.

175 943 303 1002 Dicetur
316 941 411 1012 nobis,
426 947 457 1000 et
470 940 526 999 erit
539 960 606 1017 qum
620 940 746 999 maxima
759 958 885 1018 semper.

176 1036 280 1104 Quare
295 1036 385 1114 agite,
401 1056 419 1093 o
428 1034 565 1111 juvenes,
580 1042 728 1092 tantarum
742 1035 771 1092 in
785 1051 909 1093 munere
923 1032 1054 1107 laudum,

177 1129 296 1208 cingite
311 1129 414 1188 fronde
428 1147 540 1200 comas,
555 1137 585 1187 et
600 1127 707 1205 pocula
721 1128 836 1205 porgite
850 1127 961 1186 dextris
974 1147 982 1197 ς

177 1222 432 1298 Communemque
447 1231 553 1280 vocate
566 1221 664 1292 deum,
680 1229 710 1279 et
724 1220 792 1278 date
807 1220 877 1280 vina
889 1221 1031 1280 volentes.
1095 1222 1154 1279 276

213 1316 361 1375 Dixerat:
383 1313 541 1374 Herculei
554 1314 668 1373 bicolor
682 1334 772 1390 quum
785 1316 911 1393 populus
924 1312 1030 1374 umbri

176 1409 355 1487 velavitque
370 1428 481 1480 comas,
497 1408 633 1485 foliisque
647 1408 757 1466 innexa
770 1407 918 1485 pependit,

177 1502 216 1562 Et
229 1522 318 1562 sacer
330 1503 460 1580 implevit
474 1502 606 1560 dextram
620 1501 760 1580 scyphus.
802 1500 895 1560 Ocilia
909 1504 1011 1560 ornnes

178 1595 211 1654 In
224 1615 358 1655 mensem
375 1596 435 1654 laeti
448 1596 551 1666 libant,
567 1595 710 1672 divosque
724 1602 892 1672 precantur,

212 1689 340 1748 Devexo
354 1689 470 1746 interea
484 1689 602 1766 propior
615 1690 647 1746 fit
660 1689 780 1766 Vesper
794 1686 922 1766 Olympo
937 1707 944 1745 :
1096 1689 1154 1747 980

177 1781 303 1857 Jamque
318 1779 491 1840 sacerdotes
505 1781 674 1858 primusque
687 1781 814 1861 Potitius
828 1781 920 1852 ibant,

176 1875 308 1934 Pellibus
322 1875 352 1933 in
366 1893 478 1933 morem
492 1874 592 1944 cincti,
608 1874 799 1952 flammasque
813 1875 957 1935 ferebant.
1075 1866 1079 1876 ⁸

178 1967 347 2027 Instaurant
361 1968 476 2045 epulas,
492 1975 521 2025 et
535 1985 645 2048 mensae
659 1976 747 2045 grata
760 1967 901 2034 secund·

177 2061 264 2120 Dona
278 2061 387 2132 serunt,
404 2060 613 2136 cumulantque
628 2061 759 2119 oneratis
772 2061 908 2120 lancibus
924 2080 1002 2121 aras.

177 2153 252 2213 Tum
267 2154 340 2212 Salii
356 2154 521 2224 adcantus,
538 2155 662 2212 incensa
675 2154 781 2212 altaria
795 2155 918 2226 circum,
1096 2155 1155 2214 28⁵

177 2247 316 2325 Populais
329 2247 434 2306 adsunt
448 2247 557 2304 evincti
571 2254 705 2324 tempora
716 2248 806 2306 ramis
820 2267 827 2317 3

178 2339 237 2400 Hic
247 2342 391 2418 juvenum
404 2339 523 2410 chorus,
540 2340 589 2397 ille
604 2358 718 2411 senum,
736 2341 786 2416 qui
800 2340 932 2399 carmine
946 2341 1062 2400 landes.
1129 2355 1132 2360 ·

178 2432 347 2493 Herculeas
361 2441 390 2491 et
404 2432 483 2491 sacta
498 2432 595 2490 ferunt
609 2451 616 2489 :
638 2440 670 2489 ut
684 2433 778 2509 prima
790 2452 928 2492 novercae

177 2526 311 2586 Monstra
325 2547 413 2585 manu
428 2526 622 2604 geminosque
637 2543 774 2602 premens
786 2525 899 2584 eliserit
913 2545 1029 2605 angues
1041 2546 1050 2598 ;

177 2619 214 2679 llt
226 2621 308 2678 bello
322 2620 462 2698 egregias
476 2618 553 2676 idem
568 2618 717 2695 disjecerit
732 2620 831 2689 urbes,
1096 2623 1156 2680 290

177 2711 368 2791 Trojamque‚
384 2713 617 2789 OEchaliamque
632 2732 639 2782 ;
664 2721 696 2771 ut
710 2712 800 2771 duros
813 2713 892 2772 mille
906 2714 1030 2781 labores

176 2805 262 2886 Rege
277 2809 332 2865 sub
347 2807 527 2883 Eurystheo,
544 2805 611 2864 fatis
623 2806 644 2865 J
646 2805 751 2864 unouis
765 2805 885 2883 iniquae,

176 2899 345 2959 Pertulerit.
386 2901 433 2957 Tu
448 2900 623 2977 nubigenas,
640 2899 759 2971 invicte,
776 2898 952 2960 bimembres

176 2992 377 3070 Hylaeumque
392 2992 576 3069 Pholumque
591 3011 690 3064 manu,
706 3001 739 3051 tu
754 2991 863 3052 Cresia
876 3004 990 3055 mactas

176 3084 327 3164 Prodigia,
344 3095 372 3143 et
387 3094 501 3144 vastum
514 3087 544 3145 N
546 3084 632 3144 enred
645 3087 701 3145 sub
715 3105 788 3164 rupe
802 3087 927 3148 leonem.
1095 3092 1154 3150 295

176 3179 219 3238 Te
235 3180 333 3258 Stygii
345 3178 494 3238 tremuere
508 3181 604 3250 lacus,
620 3188 650 3236 te
660 3180 772 3255 janitor
785 3180 858 3239 Orci

176 3273 253 3332 Ossa
267 3293 358 3351 super
371 3277 520 3332 recubans
534 3282 618 3331 antro
632 3292 747 3332 semesa
762 3283 895 3334 cruento.

177 3365 285 3426 Necte
301 3369 367 3426 ullm
379 3367 481 3438 facies,
498 3386 557 3426 non
570 3367 675 3423 terruit
689 3366 751 3443 ipse
765 3367 928 3445 Typhoeus

177 3461 306 3531 mduus,
323 3479 405 3535 arma
418 3471 544 3528 tenens;
567 3477 625 3516 non
640 3458 807 3515 tonationis
821 3468 960 3541 egentem

176 3551 321 3611 Lernaeus
334 3540 423 3611 tur'bzi
438 3553 567 3629 capitum
581 3550 776 3608 circumstetit
790 3552 906 3628 anguis.
1095 3556 1155 3614 800

178 3647 276 3717 Salve,
292 3665 364 3704 vera
376 3646 462 3705 Jovis
477 3645 585 3722 proles,
602 3642 696 3701 decus
710 3641 808 3701 addite
822 3643 917 3702 divis:

176 3738 214 3798 Et
228 3760 284 3798 nos
297 3748 327 3817 et
340 3748 392 3797 tua
405 3739 509 3797 dexter
524 3738 572 3796 adi
586 3737 660 3815 pede
674 3755 763 3795 sacra
777 3736 918 3798 secundo.

176 3830 263 3891 Talia
276 3833 457 3891 carminibus
471 3832 644 3890 celebrant:
666 3830 868 3907 superomnia
882 3830 959 3890 Caci

177 3924 356 4003 Speluncam
370 3926 520 4001 adjiciunt,
537 3925 758 4002 spirantemque
773 3923 891 4002 ignibus
905 3924 1009 4003 ipsum.

177 4015 328 4079 Consonat
343 4039 428 4077 omne
442 4037 547 4077 nemus
561 4019 696 4096 strepitu,
712 4017 863 4093 collesque
878 4018 1029 4079 resultant.
1095 4020 1154 4078 ³05

211 4111 293 4170 Exin
307 4131 339 4169 se
354 4112 453 4171 cuncti
467 4112 574 4170 divinis
587 4113 678 4169 rebus
692 4110 729 4168 ad
743 4112 847 4168 urbem

175 4203 321 4264 Persectis
335 4204 474 4265 referunt.
518 4206 585 4265 Ibat
598 4226 652 4264 rex
665 4207 778 4264 obsitus
792 4225 867 4276 mvn,

154 4330 158 4337 ·
175 4297 213 4357 Et
227 4300 365 4358 comitem
378 4301 502 4359 AEnean
511 4298 597 4377 juxti
609 4308 770 4376 natumque
784 4300 906 4359 tenebat

175 4389 361 4470 Ingrediens,
377 4395 519 4470 varioque
534 4394 611 4452 viam
624 4411 759 4451 sermone
775 4393 902 4452 levabat.

174 4481 311 4557 Miratur,
328 4485 492 4563 facilesque
507 4487 610 4545 oculos
624 4487 681 4544 sert
696 4487 793 4544 omnin
811 4487 935 4559 circum,
1094 4486 1154 4544 ³10

174 4576 303 4652 AEneas‚
320 4579 494 4657 capiturque
507 4581 581 4639 locis
595 4599 603 4650 3
627 4586 657 4638 et
671 4579 789 4656 singula
801 4577 887 4637 latas
