<?xml version="1.0" encoding="UTF-8"?>
<!DOCTYPE html PUBLIC "-//W3C//DTD XHTML 1.0 Transitional//EN"
    "http://www.w3.org/TR/xhtml1/DTD/xhtml1-transitional.dtd">
<html xmlns="http://www.w3.org/1999/xhtml" xml:lang="en" lang="en">
 <head>
  <title>
</title>
<meta http-equiv="Content-Type" content="text/html;charset=utf-8" />
  <meta name='ocr-system' content='tesseract 3.04.00' />
  <meta name='ocr-capabilities' content='ocr_page ocr_carea ocr_par ocr_line ocrx_word'/>
</head>
<body>
  <div class='ocr_page' id='page_1' title='image "./pvirgiliimaroni00bowegoog/pvirgiliimaroni00bowegoog_0256.png"; bbox 0 0 2692 5122; ppageno 0'>
   <div class='ocr_carea' id='block_1_1' title="bbox 508 768 1167 837">
    <p class='ocr_par' dir='ltr' id='par_1_1' title="bbox 508 768 1167 837">
     <span class='ocr_line' id='line_1_1' title="bbox 508 768 1167 837; baseline 0.003 -20"><span class='ocrx_word' id='word_1_1' title='bbox 508 768 682 817; x_wconf 70' lang='lat' dir='ltr'><strong>assinos</strong></span> <span class='ocrx_word' id='word_1_2' title='bbox 706 769 870 818; x_wconf 75' lang='lat' dir='ltr'><strong>atavus</strong></span> <span class='ocrx_word' id='word_1_3' title='bbox 1108 777 1167 837; x_wconf 65' lang='grc' dir='ltr'>ω</span> 
     </span>
    </p>
   </div>
   <div class='ocr_carea' id='block_1_2' title="bbox 113 872 1166 4688">
    <p class='ocr_par' dir='ltr' id='par_1_2' title="bbox 113 872 1166 4688">
     <span class='ocr_line' id='line_1_2' title="bbox 187 872 1088 994; baseline 0.002 -27"><span class='ocrx_word' id='word_1_4' title='bbox 187 908 226 967; x_wconf 81' lang='lat' dir='ltr'><strong>Et</strong></span> <span class='ocrx_word' id='word_1_5' title='bbox 238 907 344 986; x_wconf 81' lang='lat' dir='ltr'><strong>generi</strong></span> <span class='ocrx_word' id='word_1_6' title='bbox 358 905 418 964; x_wconf 84' lang='lat' dir='ltr'><strong>fate</strong></span> <span class='ocrx_word' id='word_1_7' title='bbox 432 872 593 985; x_wconf 58' lang='lat' dir='ltr'><strong>indulgerd,</strong></span> <span class='ocrx_word' id='word_1_8' title='bbox 610 927 698 985; x_wconf 89' lang='lat' dir='ltr'><strong>quem</strong></span> <span class='ocrx_word' id='word_1_9' title='bbox 710 909 831 968; x_wconf 85' lang='lat' dir='ltr'><strong>numine</strong></span> <span class='ocrx_word' id='word_1_10' title='bbox 844 917 979 987; x_wconf 84' lang='lat' dir='ltr'><strong>poscunt,</strong></span> <span class='ocrx_word' id='word_1_11' title='bbox 1085 987 1088 994; x_wconf 70' lang='lat'><strong>,</strong></span> 
     </span>
     <span class='ocr_line' id='line_1_3' title="bbox 187 999 1084 1080; baseline 0.003 -21"><span class='ocrx_word' id='word_1_12' title='bbox 187 1002 361 1080; x_wconf 79' lang='lat' dir='ltr'><strong>Ingredere,</strong></span> <span class='ocrx_word' id='word_1_13' title='bbox 377 1020 395 1057; x_wconf 95' lang='lat' dir='ltr'><strong>o</strong></span> <span class='ocrx_word' id='word_1_14' title='bbox 407 999 559 1059; x_wconf 78' lang='lat' dir='ltr'><strong>Teucrum</strong></span> <span class='ocrx_word' id='word_1_15' title='bbox 573 1011 662 1078; x_wconf 85' lang='lat' dir='ltr'><strong>atque</strong></span> <span class='ocrx_word' id='word_1_16' title='bbox 679 1000 786 1060; x_wconf 77' lang='lat' dir='ltr'><strong>Italiam</strong></span> <span class='ocrx_word' id='word_1_17' title='bbox 798 1003 956 1061; x_wconf 85' lang='lat' dir='ltr'><strong>fortissime</strong></span> <span class='ocrx_word' id='word_1_18' title='bbox 971 1001 1084 1062; x_wconf 80' lang='lat' dir='ltr'><strong>ductor.</strong></span> 
     </span>
     <span class='ocr_line' id='line_1_4' title="bbox 187 1094 875 1172; baseline 0 -19"><span class='ocrx_word' id='word_1_19' title='bbox 187 1094 276 1153; x_wconf 87' lang='lat' dir='ltr'><strong>Hunc</strong></span> <span class='ocrx_word' id='word_1_20' title='bbox 290 1095 343 1151; x_wconf 92' lang='lat' dir='ltr'><strong>tibi</strong></span> <span class='ocrx_word' id='word_1_21' title='bbox 358 1102 512 1171; x_wconf 73' lang='lat' dir='ltr'><strong>praeterea,</strong></span> <span class='ocrx_word' id='word_1_22' title='bbox 529 1115 597 1172; x_wconf 89' lang='lat' dir='ltr'><strong>spes</strong></span> <span class='ocrx_word' id='word_1_23' title='bbox 612 1107 641 1153; x_wconf 93' lang='lat' dir='ltr'><strong>et</strong></span> <span class='ocrx_word' id='word_1_24' title='bbox 655 1096 759 1153; x_wconf 88' lang='lat' dir='ltr'><strong>solatia</strong></span> <span class='ocrx_word' id='word_1_25' title='bbox 773 1097 875 1167; x_wconf 90' lang='lat' dir='ltr'><strong>nostri,</strong></span> 
     </span>
     <span class='ocr_line' id='line_1_5' title="bbox 186 1187 1165 1267; baseline 0.003 -21"><span class='ocrx_word' id='word_1_26' title='bbox 186 1187 321 1246; x_wconf 75' lang='lat' dir='ltr'><strong>Pelianta</strong></span> <span class='ocrx_word' id='word_1_27' title='bbox 335 1188 502 1266; x_wconf 84' lang='lat' dir='ltr'><strong>adjungam.</strong></span> <span class='ocrx_word' id='word_1_28' title='bbox 546 1190 608 1246; x_wconf 88' lang='lat' dir='ltr'><strong>Sub</strong></span> <span class='ocrx_word' id='word_1_29' title='bbox 623 1198 653 1246; x_wconf 89' lang='lat' dir='ltr'><strong>te</strong></span> <span class='ocrx_word' id='word_1_30' title='bbox 667 1191 795 1248; x_wconf 87' lang='lat' dir='ltr'><strong>tolerare</strong></span> <span class='ocrx_word' id='word_1_31' title='bbox 809 1191 950 1267; x_wconf 84' lang='lat' dir='ltr'><strong>magistro</strong></span> <span class='ocrx_word' id='word_1_32' title='bbox 1106 1192 1165 1250; x_wconf 78' lang='lat'><strong>515</strong></span> 
     </span>
     <span class='ocr_line' id='line_1_6' title="bbox 185 1279 995 1358; baseline 0.007 -23"><span class='ocrx_word' id='word_1_33' title='bbox 185 1279 319 1336; x_wconf 81' lang='lat' dir='ltr'><strong>Militiam</strong></span> <span class='ocrx_word' id='word_1_34' title='bbox 334 1289 363 1337; x_wconf 90' lang='lat' dir='ltr'><strong>et</strong></span> <span class='ocrx_word' id='word_1_35' title='bbox 376 1298 467 1357; x_wconf 85' lang='lat' dir='ltr'><strong>greve</strong></span> <span class='ocrx_word' id='word_1_36' title='bbox 483 1279 594 1338; x_wconf 75' lang='lat' dir='ltr'><strong>Martis</strong></span> <span class='ocrx_word' id='word_1_37' title='bbox 608 1301 692 1358; x_wconf 90' lang='lat' dir='ltr'><strong>opus,</strong></span> <span class='ocrx_word' id='word_1_38' title='bbox 708 1292 760 1339; x_wconf 88' lang='lat' dir='ltr'><strong>tua</strong></span> <span class='ocrx_word' id='word_1_39' title='bbox 776 1301 901 1340; x_wconf 86' lang='lat' dir='ltr'><strong>cernere</strong></span> <span class='ocrx_word' id='word_1_40' title='bbox 914 1283 995 1343; x_wconf 77' lang='lat' dir='ltr'><strong>secte</strong></span> 
     </span>
     <span class='ocr_line' id='line_1_7' title="bbox 186 1373 862 1450; baseline 0.003 -19"><span class='ocrx_word' id='word_1_41' title='bbox 186 1373 358 1443; x_wconf 79' lang='lat' dir='ltr'><strong>Assuescat,</strong></span> <span class='ocrx_word' id='word_1_42' title='bbox 374 1374 474 1450; x_wconf 89' lang='lat' dir='ltr'><strong>primis</strong></span> <span class='ocrx_word' id='word_1_43' title='bbox 488 1383 517 1431; x_wconf 91' lang='lat' dir='ltr'><strong>et</strong></span> <span class='ocrx_word' id='word_1_44' title='bbox 531 1382 560 1431; x_wconf 92' lang='lat' dir='ltr'><strong>te</strong></span> <span class='ocrx_word' id='word_1_45' title='bbox 574 1375 698 1432; x_wconf 88' lang='lat' dir='ltr'><strong>miretur</strong></span> <span class='ocrx_word' id='word_1_46' title='bbox 710 1377 749 1433; x_wconf 91' lang='lat' dir='ltr'><strong>ab</strong></span> <span class='ocrx_word' id='word_1_47' title='bbox 768 1375 862 1434; x_wconf 89' lang='lat' dir='ltr'><strong>annis.</strong></span> 
     </span>
     <span class='ocr_line' id='line_1_8' title="bbox 185 1466 956 1547; baseline 0.005 -24"><span class='ocrx_word' id='word_1_48' title='bbox 185 1466 318 1524; x_wconf 67' lang='lat' dir='ltr'><strong>Arcadum</strong></span> <span class='ocrx_word' id='word_1_49' title='bbox 332 1467 400 1524; x_wconf 91' lang='lat' dir='ltr'><strong>huic</strong></span> <span class='ocrx_word' id='word_1_50' title='bbox 414 1469 529 1543; x_wconf 77' lang='lat' dir='ltr'><strong>equites</strong></span> <span class='ocrx_word' id='word_1_51' title='bbox 544 1469 589 1526; x_wconf 94' lang='lat' dir='ltr'><strong>bis</strong></span> <span class='ocrx_word' id='word_1_52' title='bbox 603 1478 732 1540; x_wconf 88' lang='lat' dir='ltr'><strong>centum,</strong></span> <span class='ocrx_word' id='word_1_53' title='bbox 748 1472 857 1527; x_wconf 88' lang='lat' dir='ltr'><strong>robora</strong></span> <span class='ocrx_word' id='word_1_54' title='bbox 871 1470 956 1547; x_wconf 84' lang='lat' dir='ltr'><strong>pubis</strong></span> 
     </span>
     <span class='ocr_line' id='line_1_9' title="bbox 184 1559 1005 1636; baseline 0.005 -17"><span class='ocrx_word' id='word_1_55' title='bbox 184 1559 287 1630; x_wconf 88' lang='lat' dir='ltr'><strong>Lecta,</strong></span> <span class='ocrx_word' id='word_1_56' title='bbox 304 1560 402 1629; x_wconf 88' lang='lat' dir='ltr'><strong>dabo;</strong></span> <span class='ocrx_word' id='word_1_57' title='bbox 426 1560 606 1636; x_wconf 85' lang='lat' dir='ltr'><strong>totidemque</strong></span> <span class='ocrx_word' id='word_1_58' title='bbox 622 1582 676 1619; x_wconf 90' lang='lat' dir='ltr'><strong>suo</strong></span> <span class='ocrx_word' id='word_1_59' title='bbox 689 1563 743 1620; x_wconf 91' lang='lat' dir='ltr'><strong>tibi</strong></span> <span class='ocrx_word' id='word_1_60' title='bbox 760 1562 877 1621; x_wconf 88' lang='lat' dir='ltr'><strong>nomine</strong></span> <span class='ocrx_word' id='word_1_61' title='bbox 894 1563 1005 1623; x_wconf 84' lang='lat' dir='ltr'><strong>Pallas.</strong></span> 
     </span>
     <span class='ocr_line' id='line_1_10' title="bbox 217 1653 1165 1730; baseline 0.006 -20"><span class='ocrx_word' id='word_1_62' title='bbox 217 1653 279 1711; x_wconf 81' lang='lat' dir='ltr'><strong>Vix</strong></span> <span class='ocrx_word' id='word_1_63' title='bbox 293 1673 331 1711; x_wconf 89' lang='lat' dir='ltr'><strong>ea</strong></span> <span class='ocrx_word' id='word_1_64' title='bbox 344 1654 422 1711; x_wconf 86' lang='lat' dir='ltr'><strong>satus</strong></span> <span class='ocrx_word' id='word_1_65' title='bbox 434 1662 508 1724; x_wconf 87' lang='lat' dir='ltr'><strong>erat,</strong></span> <span class='ocrx_word' id='word_1_66' title='bbox 525 1655 672 1730; x_wconf 87' lang='lat' dir='ltr'><strong>defixique</strong></span> <span class='ocrx_word' id='word_1_67' title='bbox 685 1674 739 1712; x_wconf 87' lang='lat' dir='ltr'><strong>ora</strong></span> <span class='ocrx_word' id='word_1_68' title='bbox 752 1657 894 1713; x_wconf 87' lang='lat' dir='ltr'><strong>tenebant</strong></span> <span class='ocrx_word' id='word_1_69' title='bbox 1104 1658 1165 1717; x_wconf 61' lang='lat'><strong>520</strong></span> 
     </span>
     <span class='ocr_line' id='line_1_11' title="bbox 183 1746 956 1819; baseline 0.003 -13"><span class='ocrx_word' id='word_1_70' title='bbox 183 1747 299 1806; x_wconf 82' lang='lat' dir='ltr'><strong>AEneas</strong></span> <span class='ocrx_word' id='word_1_71' title='bbox 312 1747 511 1805; x_wconf 80' lang='lat' dir='ltr'><strong>Anchisiades</strong></span> <span class='ocrx_word' id='word_1_72' title='bbox 525 1756 554 1804; x_wconf 92' lang='lat' dir='ltr'><strong>et</strong></span> <span class='ocrx_word' id='word_1_73' title='bbox 568 1748 801 1819; x_wconf 81' lang='lat' dir='ltr'><strong>fidusAchates,</strong></span> <span class='ocrx_word' id='word_1_74' title='bbox 953 1746 956 1751; x_wconf 72' lang='grc'><strong>’</strong></span> 
     </span>
     <span class='ocr_line' id='line_1_12' title="bbox 183 1839 949 1918; baseline 0.004 -21"><span class='ocrx_word' id='word_1_75' title='bbox 183 1840 335 1916; x_wconf 83' lang='lat' dir='ltr'><strong>Multaque</strong></span> <span class='ocrx_word' id='word_1_76' title='bbox 349 1839 425 1898; x_wconf 90' lang='lat' dir='ltr'><strong>dura</strong></span> <span class='ocrx_word' id='word_1_77' title='bbox 439 1859 494 1896; x_wconf 95' lang='lat' dir='ltr'><strong>suo</strong></span> <span class='ocrx_word' id='word_1_78' title='bbox 508 1840 583 1897; x_wconf 90' lang='lat' dir='ltr'><strong>tristi</strong></span> <span class='ocrx_word' id='word_1_79' title='bbox 597 1860 664 1898; x_wconf 91' lang='lat' dir='ltr'><strong>cum</strong></span> <span class='ocrx_word' id='word_1_80' title='bbox 679 1841 769 1898; x_wconf 92' lang='lat' dir='ltr'><strong>corde</strong></span> <span class='ocrx_word' id='word_1_81' title='bbox 784 1843 926 1918; x_wconf 84' lang='lat' dir='ltr'><strong>putabant</strong></span> <span class='ocrx_word' id='word_1_82' title='bbox 940 1860 949 1910; x_wconf 79' lang='lat'>3</span> 
     </span>
     <span class='ocr_line' id='line_1_13' title="bbox 183 1932 881 2011; baseline 0.001 -19"><span class='ocrx_word' id='word_1_83' title='bbox 183 1934 219 1992; x_wconf 86' lang='lat' dir='ltr'><strong>Ni</strong></span> <span class='ocrx_word' id='word_1_84' title='bbox 233 1934 351 2011; x_wconf 90' lang='lat' dir='ltr'><strong>signum</strong></span> <span class='ocrx_word' id='word_1_85' title='bbox 365 1933 443 1991; x_wconf 83' lang='lat' dir='ltr'><strong>coeio</strong></span> <span class='ocrx_word' id='word_1_86' title='bbox 458 1932 610 2009; x_wconf 86' lang='lat' dir='ltr'><strong>Cytherea</strong></span> <span class='ocrx_word' id='word_1_87' title='bbox 624 1933 753 1992; x_wconf 75' lang='lat' dir='ltr'><strong>dedisset</strong></span> <span class='ocrx_word' id='word_1_88' title='bbox 767 1943 881 2011; x_wconf 86' lang='lat' dir='ltr'><strong>aperto.</strong></span> 
     </span>
     <span class='ocr_line' id='line_1_14' title="bbox 182 2026 926 2107; baseline 0.001 -22"><span class='ocrx_word' id='word_1_89' title='bbox 182 2027 316 2103; x_wconf 86' lang='lat' dir='ltr'><strong>Namque</strong></span> <span class='ocrx_word' id='word_1_90' title='bbox 332 2026 488 2103; x_wconf 88' lang='lat' dir='ltr'><strong>improvisd</strong></span> <span class='ocrx_word' id='word_1_91' title='bbox 503 2027 635 2084; x_wconf 86' lang='lat' dir='ltr'><strong>vibratus</strong></span> <span class='ocrx_word' id='word_1_92' title='bbox 650 2028 687 2084; x_wconf 95' lang='lat' dir='ltr'><strong>ab</strong></span> <span class='ocrx_word' id='word_1_93' title='bbox 702 2028 813 2085; x_wconf 83' lang='lat' dir='ltr'><strong>aethere</strong></span> <span class='ocrx_word' id='word_1_94' title='bbox 828 2028 926 2107; x_wconf 89' lang='lat' dir='ltr'><strong>fulgor</strong></span> 
     </span>
     <span class='ocr_line' id='line_1_15' title="bbox 181 2118 1161 2203; baseline 0.001 -24"><span class='ocrx_word' id='word_1_95' title='bbox 181 2118 257 2180; x_wconf 82' lang='lat' dir='ltr'><strong>Cum</strong></span> <span class='ocrx_word' id='word_1_96' title='bbox 271 2120 369 2177; x_wconf 90' lang='lat' dir='ltr'><strong>souitu</strong></span> <span class='ocrx_word' id='word_1_97' title='bbox 383 2121 472 2189; x_wconf 79' lang='lat' dir='ltr'><strong>venit,</strong></span> <span class='ocrx_word' id='word_1_98' title='bbox 488 2127 517 2176; x_wconf 92' lang='lat' dir='ltr'><strong>et</strong></span> <span class='ocrx_word' id='word_1_99' title='bbox 531 2139 619 2176; x_wconf 90' lang='lat' dir='ltr'><strong>ruere</strong></span> <span class='ocrx_word' id='word_1_100' title='bbox 633 2121 732 2177; x_wconf 90' lang='lat' dir='ltr'><strong>omnia</strong></span> <span class='ocrx_word' id='word_1_101' title='bbox 745 2120 810 2178; x_wconf 82' lang='lat' dir='ltr'><strong>viss</strong></span> <span class='ocrx_word' id='word_1_102' title='bbox 823 2120 956 2203; x_wconf 67' lang='lat' dir='ltr'><strong>repente,</strong></span> <span class='ocrx_word' id='word_1_103' title='bbox 1100 2123 1161 2180; x_wconf 67' lang='lat'><strong>525</strong></span> 
     </span>
     <span class='ocr_line' id='line_1_16' title="bbox 113 2210 972 2300; baseline 0.003 -31"><span class='ocrx_word' id='word_1_104' title='bbox 113 2280 118 2300; x_wconf 41' lang='grc'>1</span> <span class='ocrx_word' id='word_1_105' title='bbox 182 2210 412 2289; x_wconf 84' lang='lat' dir='ltr'><strong>Tyrrhenusque</strong></span> <span class='ocrx_word' id='word_1_106' title='bbox 426 2214 505 2271; x_wconf 80' lang='lat' dir='ltr'><strong>tuboe</strong></span> <span class='ocrx_word' id='word_1_107' title='bbox 520 2213 632 2289; x_wconf 88' lang='lat' dir='ltr'><strong>mugire</strong></span> <span class='ocrx_word' id='word_1_108' title='bbox 648 2232 701 2288; x_wconf 87' lang='lat' dir='ltr'><strong>per</strong></span> <span class='ocrx_word' id='word_1_109' title='bbox 715 2213 827 2270; x_wconf 73' lang='lat' dir='ltr'><strong>aethera</strong></span> <span class='ocrx_word' id='word_1_110' title='bbox 839 2214 972 2292; x_wconf 87' lang='lat' dir='ltr'><strong>clangor.</strong></span> 
     </span>
     <span class='ocr_line' id='line_1_17' title="bbox 182 2304 1113 2386; baseline 0.004 -22"><span class='ocrx_word' id='word_1_111' title='bbox 182 2307 368 2383; x_wconf 86' lang='lat' dir='ltr'><strong>Suspiciunt:</strong></span> <span class='ocrx_word' id='word_1_112' title='bbox 391 2306 497 2363; x_wconf 88' lang='lat' dir='ltr'><strong>iterum</strong></span> <span class='ocrx_word' id='word_1_113' title='bbox 512 2315 600 2380; x_wconf 90' lang='lat' dir='ltr'><strong>atque</strong></span> <span class='ocrx_word' id='word_1_114' title='bbox 614 2307 721 2363; x_wconf 88' lang='lat' dir='ltr'><strong>iterum</strong></span> <span class='ocrx_word' id='word_1_115' title='bbox 735 2304 837 2383; x_wconf 82' lang='lat' dir='ltr'><strong>fragor</strong></span> <span class='ocrx_word' id='word_1_116' title='bbox 850 2306 983 2385; x_wconf 83' lang='lat' dir='ltr'><strong>increpat</strong></span> <span class='ocrx_word' id='word_1_117' title='bbox 997 2307 1113 2386; x_wconf 83' lang='lat' dir='ltr'><strong>ingena.</strong></span> 
     </span>
     <span class='ocr_line' id='line_1_18' title="bbox 180 2398 890 2476; baseline 0.003 -20"><span class='ocrx_word' id='word_1_118' title='bbox 180 2398 272 2457; x_wconf 79' lang='lat' dir='ltr'><strong>Arma</strong></span> <span class='ocrx_word' id='word_1_119' title='bbox 285 2400 363 2456; x_wconf 88' lang='lat' dir='ltr'><strong>inter</strong></span> <span class='ocrx_word' id='word_1_120' title='bbox 375 2401 494 2469; x_wconf 92' lang='lat' dir='ltr'><strong>nubem,</strong></span> <span class='ocrx_word' id='word_1_121' title='bbox 509 2399 577 2457; x_wconf 84' lang='lat' dir='ltr'><strong>coeli</strong></span> <span class='ocrx_word' id='word_1_122' title='bbox 592 2399 622 2455; x_wconf 91' lang='lat' dir='ltr'><strong>in</strong></span> <span class='ocrx_word' id='word_1_123' title='bbox 635 2399 757 2476; x_wconf 82' lang='lat' dir='ltr'><strong>regione</strong></span> <span class='ocrx_word' id='word_1_124' title='bbox 772 2399 890 2471; x_wconf 77' lang='lat' dir='ltr'><strong>serenti,</strong></span> 
     </span>
     <span class='ocr_line' id='line_1_19' title="bbox 179 2490 886 2567; baseline 0 -17"><span class='ocrx_word' id='word_1_125' title='bbox 179 2490 237 2550; x_wconf 87' lang='lat' dir='ltr'><strong>Per</strong></span> <span class='ocrx_word' id='word_1_126' title='bbox 250 2493 354 2549; x_wconf 89' lang='lat' dir='ltr'><strong>sudum</strong></span> <span class='ocrx_word' id='word_1_127' title='bbox 369 2492 491 2549; x_wconf 76' lang='lat' dir='ltr'><strong>rutilare</strong></span> <span class='ocrx_word' id='word_1_128' title='bbox 506 2491 615 2561; x_wconf 88' lang='lat' dir='ltr'><strong>vident,</strong></span> <span class='ocrx_word' id='word_1_129' title='bbox 631 2500 661 2548; x_wconf 92' lang='lat' dir='ltr'><strong>et</strong></span> <span class='ocrx_word' id='word_1_130' title='bbox 676 2491 759 2567; x_wconf 89' lang='lat' dir='ltr'><strong>pulsa</strong></span> <span class='ocrx_word' id='word_1_131' title='bbox 771 2501 886 2550; x_wconf 87' lang='lat' dir='ltr'><strong>tonare.</strong></span> 
     </span>
     <span class='ocr_line' id='line_1_20' title="bbox 180 2583 1161 2662; baseline 0.003 -19"><span class='ocrx_word' id='word_1_132' title='bbox 180 2583 366 2662; x_wconf 66' lang='lat' dir='ltr'><strong>Obstupuere</strong></span> <span class='ocrx_word' id='word_1_133' title='bbox 382 2585 487 2642; x_wconf 85' lang='lat' dir='ltr'><strong>animis</strong></span> <span class='ocrx_word' id='word_1_134' title='bbox 502 2584 550 2641; x_wconf 90' lang='lat' dir='ltr'><strong>alii</strong></span> <span class='ocrx_word' id='word_1_135' title='bbox 567 2603 574 2651; x_wconf 94' lang='lat'>;</span> <span class='ocrx_word' id='word_1_136' title='bbox 599 2583 651 2641; x_wconf 90' lang='lat' dir='ltr'><strong>sed</strong></span> <span class='ocrx_word' id='word_1_137' title='bbox 665 2584 777 2641; x_wconf 87' lang='lat' dir='ltr'><strong>Troius</strong></span> <span class='ocrx_word' id='word_1_138' title='bbox 791 2585 881 2642; x_wconf 90' lang='lat' dir='ltr'><strong>heros</strong></span> <span class='ocrx_word' id='word_1_139' title='bbox 1102 2588 1161 2646; x_wconf 76' lang='grc'><strong>530</strong></span> 
     </span>
     <span class='ocr_line' id='line_1_21' title="bbox 179 2676 903 2755; baseline 0.001 -21"><span class='ocrx_word' id='word_1_140' title='bbox 179 2678 306 2755; x_wconf 80' lang='lat' dir='ltr'><strong>Agnovit</strong></span> <span class='ocrx_word' id='word_1_141' title='bbox 321 2678 457 2746; x_wconf 91' lang='lat' dir='ltr'><strong>sonitum,</strong></span> <span class='ocrx_word' id='word_1_142' title='bbox 474 2684 502 2732; x_wconf 93' lang='lat' dir='ltr'><strong>et</strong></span> <span class='ocrx_word' id='word_1_143' title='bbox 515 2676 589 2733; x_wconf 80' lang='lat' dir='ltr'><strong>divae</strong></span> <span class='ocrx_word' id='word_1_144' title='bbox 605 2677 749 2752; x_wconf 87' lang='lat' dir='ltr'><strong>promisse</strong></span> <span class='ocrx_word' id='word_1_145' title='bbox 763 2677 903 2753; x_wconf 88' lang='lat' dir='ltr'><strong>parentis.</strong></span> 
     </span>
     <span class='ocr_line' id='line_1_22' title="bbox 179 2768 1051 2849; baseline 0.002 -21"><span class='ocrx_word' id='word_1_146' title='bbox 179 2769 253 2828; x_wconf 89' lang='lat' dir='ltr'><strong>Tum</strong></span> <span class='ocrx_word' id='word_1_147' title='bbox 268 2779 429 2828; x_wconf 89' lang='lat' dir='ltr'><strong>memorat:</strong></span> <span class='ocrx_word' id='word_1_148' title='bbox 454 2770 500 2826; x_wconf 90' lang='lat' dir='ltr'><strong>Ne</strong></span> <span class='ocrx_word' id='word_1_149' title='bbox 515 2768 598 2839; x_wconf 83' lang='lat' dir='ltr'><strong>verb,</strong></span> <span class='ocrx_word' id='word_1_150' title='bbox 615 2769 733 2846; x_wconf 86' lang='lat' dir='ltr'><strong>hospes,</strong></span> <span class='ocrx_word' id='word_1_151' title='bbox 749 2789 787 2826; x_wconf 90' lang='lat' dir='ltr'><strong>ne</strong></span> <span class='ocrx_word' id='word_1_152' title='bbox 803 2788 903 2846; x_wconf 83' lang='lat' dir='ltr'><strong>quoere</strong></span> <span class='ocrx_word' id='word_1_153' title='bbox 918 2771 1051 2849; x_wconf 83' lang='lat' dir='ltr'><strong>prosectd</strong></span> 
     </span>
     <span class='ocr_line' id='line_1_23' title="bbox 180 2862 1026 2944; baseline 0.005 -23"><span class='ocrx_word' id='word_1_154' title='bbox 180 2862 274 2930; x_wconf 77' lang='lat' dir='ltr'><strong>Quem</strong></span> <span class='ocrx_word' id='word_1_155' title='bbox 291 2882 394 2921; x_wconf 91' lang='lat' dir='ltr'><strong>casum</strong></span> <span class='ocrx_word' id='word_1_156' title='bbox 408 2870 543 2938; x_wconf 89' lang='lat' dir='ltr'><strong>portenta</strong></span> <span class='ocrx_word' id='word_1_157' title='bbox 557 2862 652 2919; x_wconf 84' lang='lat' dir='ltr'><strong>ferant</strong></span> <span class='ocrx_word' id='word_1_158' title='bbox 668 2880 675 2918; x_wconf 80' lang='lat' dir='ltr'><em>z</em></span> <span class='ocrx_word' id='word_1_159' title='bbox 698 2881 754 2939; x_wconf 89' lang='lat' dir='ltr'><strong>ego</strong></span> <span class='ocrx_word' id='word_1_160' title='bbox 769 2882 876 2940; x_wconf 89' lang='lat' dir='ltr'><strong>poscor</strong></span> <span class='ocrx_word' id='word_1_161' title='bbox 889 2864 1026 2944; x_wconf 81' lang='lat' dir='ltr'><strong>Olympo.</strong></span> 
     </span>
     <span class='ocr_line' id='line_1_24' title="bbox 179 2954 902 3032; baseline 0.003 -20"><span class='ocrx_word' id='word_1_162' title='bbox 179 2954 245 3013; x_wconf 90' lang='lat' dir='ltr'><strong>Hoc</strong></span> <span class='ocrx_word' id='word_1_163' title='bbox 260 2957 377 3032; x_wconf 91' lang='lat' dir='ltr'><strong>signum</strong></span> <span class='ocrx_word' id='word_1_164' title='bbox 391 2955 499 3012; x_wconf 86' lang='lat' dir='ltr'><strong>cecinit</strong></span> <span class='ocrx_word' id='word_1_165' title='bbox 513 2956 669 3012; x_wconf 88' lang='lat' dir='ltr'><strong>missuram</strong></span> <span class='ocrx_word' id='word_1_166' title='bbox 683 2955 750 3012; x_wconf 90' lang='lat' dir='ltr'><strong>diva</strong></span> <span class='ocrx_word' id='word_1_167' title='bbox 763 2957 902 3028; x_wconf 77' lang='lat' dir='ltr'><strong>creatrix,</strong></span> 
     </span>
     <span class='ocr_line' id='line_1_25' title="bbox 179 3048 1158 3127; baseline 0.004 -21"><span class='ocrx_word' id='word_1_168' title='bbox 179 3049 208 3106; x_wconf 88' lang='lat' dir='ltr'><strong>si</strong></span> <span class='ocrx_word' id='word_1_169' title='bbox 220 3050 331 3106; x_wconf 91' lang='lat' dir='ltr'><strong>bellum</strong></span> <span class='ocrx_word' id='word_1_170' title='bbox 347 3049 496 3126; x_wconf 86' lang='lat' dir='ltr'><strong>ingrueret</strong></span> <span class='ocrx_word' id='word_1_171' title='bbox 511 3067 518 3117; x_wconf 93' lang='lat'>;</span> <span class='ocrx_word' id='word_1_172' title='bbox 542 3048 749 3124; x_wconf 88' lang='lat' dir='ltr'><strong>Vulcaniaque</strong></span> <span class='ocrx_word' id='word_1_173' title='bbox 765 3068 848 3107; x_wconf 88' lang='lat' dir='ltr'><strong>arma</strong></span> <span class='ocrx_word' id='word_1_174' title='bbox 862 3069 915 3127; x_wconf 90' lang='lat' dir='ltr'><strong>per</strong></span> <span class='ocrx_word' id='word_1_175' title='bbox 928 3068 1019 3109; x_wconf 80' lang='lat' dir='ltr'><strong>aures</strong></span> <span class='ocrx_word' id='word_1_176' title='bbox 1098 3053 1158 3110; x_wconf 76' lang='lat'><strong>5³5</strong></span> 
     </span>
     <span class='ocr_line' id='line_1_26' title="bbox 177 3140 450 3200; baseline 0 -1"><span class='ocrx_word' id='word_1_177' title='bbox 177 3140 319 3200; x_wconf 82' lang='lat' dir='ltr'><strong>Laturern</strong></span> <span class='ocrx_word' id='word_1_178' title='bbox 334 3141 450 3199; x_wconf 85' lang='lat' dir='ltr'><strong>auxilio.</strong></span> 
     </span>
     <span class='ocr_line' id='line_1_27' title="bbox 179 3233 1012 3310; baseline 0.002 -18"><span class='ocrx_word' id='word_1_179' title='bbox 179 3233 246 3292; x_wconf 88' lang='lat' dir='ltr'><strong>Heu</strong></span> <span class='ocrx_word' id='word_1_180' title='bbox 262 3238 269 3290; x_wconf 72' lang='grc' dir='ltr'>ἱ</span> <span class='ocrx_word' id='word_1_181' title='bbox 291 3244 408 3310; x_wconf 81' lang='lat' dir='ltr'><strong>quentae</strong></span> <span class='ocrx_word' id='word_1_182' title='bbox 422 3235 537 3292; x_wconf 90' lang='lat' dir='ltr'><strong>miseris</strong></span> <span class='ocrx_word' id='word_1_183' title='bbox 554 3235 653 3292; x_wconf 81' lang='lat' dir='ltr'><strong>caedes</strong></span> <span class='ocrx_word' id='word_1_184' title='bbox 665 3234 867 3294; x_wconf 77' lang='lat' dir='ltr'><strong>Laurentibus</strong></span> <span class='ocrx_word' id='word_1_185' title='bbox 881 3237 990 3294; x_wconf 86' lang='lat' dir='ltr'><strong>instant</strong></span> <span class='ocrx_word' id='word_1_186' title='bbox 1004 3240 1012 3294; x_wconf 90' lang='lat'>!</span> 
     </span>
     <span class='ocr_line' id='line_1_28' title="bbox 178 3326 1118 3404; baseline 0.004 -20"><span class='ocrx_word' id='word_1_187' title='bbox 178 3326 261 3393; x_wconf 78' lang='lat' dir='ltr'><strong>Quas</strong></span> <span class='ocrx_word' id='word_1_188' title='bbox 276 3347 380 3403; x_wconf 88' lang='lat' dir='ltr'><strong>poeaas</strong></span> <span class='ocrx_word' id='word_1_189' title='bbox 394 3328 473 3397; x_wconf 87' lang='lat' dir='ltr'><strong>mihi,</strong></span> <span class='ocrx_word' id='word_1_190' title='bbox 489 3329 603 3397; x_wconf 90' lang='lat' dir='ltr'><strong>Turne,</strong></span> <span class='ocrx_word' id='word_1_191' title='bbox 620 3328 724 3385; x_wconf 89' lang='lat' dir='ltr'><strong>dabis!</strong></span> <span class='ocrx_word' id='word_1_192' title='bbox 747 3330 835 3404; x_wconf 76' lang='lat' dir='ltr'><strong>quim</strong></span> <span class='ocrx_word' id='word_1_193' title='bbox 850 3330 942 3386; x_wconf 88' lang='lat' dir='ltr'><strong>multa</strong></span> <span class='ocrx_word' id='word_1_194' title='bbox 955 3330 1011 3388; x_wconf 88' lang='lat' dir='ltr'><strong>sub</strong></span> <span class='ocrx_word' id='word_1_195' title='bbox 1023 3327 1118 3388; x_wconf 82' lang='lat' dir='ltr'><strong>undas</strong></span> 
     </span>
     <span class='ocr_line' id='line_1_29' title="bbox 180 3417 964 3496; baseline 0.001 -19"><span class='ocrx_word' id='word_1_196' title='bbox 180 3419 268 3477; x_wconf 87' lang='lat' dir='ltr'><strong>Scuta</strong></span> <span class='ocrx_word' id='word_1_197' title='bbox 283 3417 376 3476; x_wconf 77' lang='lat' dir='ltr'><strong>vistim</strong></span> <span class='ocrx_word' id='word_1_198' title='bbox 391 3421 553 3496; x_wconf 84' lang='lat' dir='ltr'><strong>galeasque</strong></span> <span class='ocrx_word' id='word_1_199' title='bbox 569 3429 597 3477; x_wconf 90' lang='lat' dir='ltr'><strong>et</strong></span> <span class='ocrx_word' id='word_1_200' title='bbox 612 3421 698 3478; x_wconf 87' lang='lat' dir='ltr'><strong>sortia</strong></span> <span class='ocrx_word' id='word_1_201' title='bbox 713 3439 839 3496; x_wconf 83' lang='lat' dir='ltr'><strong>corpora</strong></span> <span class='ocrx_word' id='word_1_202' title='bbox 853 3421 964 3492; x_wconf 79' lang='lat' dir='ltr'><strong>volves,</strong></span> 
     </span>
     <span class='ocr_line' id='line_1_30' title="bbox 178 3508 1166 3589; baseline 0.004 -20"><span class='ocrx_word' id='word_1_203' title='bbox 178 3508 270 3588; x_wconf 81' lang='lat' dir='ltr'><strong>Tybri</strong></span> <span class='ocrx_word' id='word_1_204' title='bbox 284 3521 368 3588; x_wconf 86' lang='lat' dir='ltr'><strong>pater</strong></span> <span class='ocrx_word' id='word_1_205' title='bbox 382 3516 388 3568; x_wconf 90' lang='lat'>!</span> <span class='ocrx_word' id='word_1_206' title='bbox 411 3512 540 3569; x_wconf 86' lang='lat' dir='ltr'><strong>Poscant</strong></span> <span class='ocrx_word' id='word_1_207' title='bbox 554 3513 645 3582; x_wconf 90' lang='lat' dir='ltr'><strong>acies,</strong></span> <span class='ocrx_word' id='word_1_208' title='bbox 662 3520 691 3569; x_wconf 86' lang='lat' dir='ltr'><strong>et</strong></span> <span class='ocrx_word' id='word_1_209' title='bbox 705 3512 819 3571; x_wconf 84' lang='lat' dir='ltr'><strong>soedera</strong></span> <span class='ocrx_word' id='word_1_210' title='bbox 835 3521 971 3589; x_wconf 88' lang='lat' dir='ltr'><strong>rumpant</strong></span> <span class='ocrx_word' id='word_1_211' title='bbox 985 3517 992 3572; x_wconf 73' lang='grc' dir='ltr'><strong>Ξ</strong></span> <span class='ocrx_word' id='word_1_212' title='bbox 1098 3515 1166 3573; x_wconf 78' lang='grc'><strong>540·</strong></span> 
     </span>
     <span class='ocr_line' id='line_1_31' title="bbox 214 3604 929 3674; baseline -0.001 -11"><span class='ocrx_word' id='word_1_213' title='bbox 214 3604 292 3663; x_wconf 82' lang='lat' dir='ltr'><strong>Haec</strong></span> <span class='ocrx_word' id='word_1_214' title='bbox 308 3606 357 3662; x_wconf 92' lang='lat' dir='ltr'><strong>ubi</strong></span> <span class='ocrx_word' id='word_1_215' title='bbox 372 3605 452 3661; x_wconf 89' lang='lat' dir='ltr'><strong>dicta</strong></span> <span class='ocrx_word' id='word_1_216' title='bbox 465 3604 554 3674; x_wconf 90' lang='lat' dir='ltr'><strong>dedit,</strong></span> <span class='ocrx_word' id='word_1_217' title='bbox 570 3605 644 3661; x_wconf 81' lang='lat' dir='ltr'><strong>solio</strong></span> <span class='ocrx_word' id='word_1_218' title='bbox 658 3623 690 3661; x_wconf 90' lang='lat' dir='ltr'><strong>se</strong></span> <span class='ocrx_word' id='word_1_219' title='bbox 705 3604 779 3661; x_wconf 91' lang='lat' dir='ltr'><strong>tollit</strong></span> <span class='ocrx_word' id='word_1_220' title='bbox 793 3606 831 3661; x_wconf 93' lang='lat' dir='ltr'><strong>ab</strong></span> <span class='ocrx_word' id='word_1_221' title='bbox 846 3605 906 3662; x_wconf 86' lang='lat' dir='ltr'><strong>aito</strong></span> <span class='ocrx_word' id='word_1_222' title='bbox 920 3622 929 3674; x_wconf 93' lang='lat'>;</span> 
     </span>
     <span class='ocr_line' id='line_1_32' title="bbox 177 3695 869 3775; baseline 0.004 -21"><span class='ocrx_word' id='word_1_223' title='bbox 177 3695 215 3754; x_wconf 79' lang='lat' dir='ltr'><strong>Et</strong></span> <span class='ocrx_word' id='word_1_224' title='bbox 229 3698 352 3774; x_wconf 79' lang='lat' dir='ltr'><strong>primum</strong></span> <span class='ocrx_word' id='word_1_225' title='bbox 367 3697 529 3754; x_wconf 88' lang='lat' dir='ltr'><strong>Herculeis</strong></span> <span class='ocrx_word' id='word_1_226' title='bbox 543 3697 654 3774; x_wconf 84' lang='lat' dir='ltr'><strong>sopitas</strong></span> <span class='ocrx_word' id='word_1_227' title='bbox 668 3698 785 3775; x_wconf 84' lang='lat' dir='ltr'><strong>ignibus</strong></span> <span class='ocrx_word' id='word_1_228' title='bbox 800 3715 869 3757; x_wconf 80' lang='lat' dir='ltr'><strong>arus</strong></span> 
     </span>
     <span class='ocr_line' id='line_1_33' title="bbox 177 3789 1031 3869; baseline 0.005 -21"><span class='ocrx_word' id='word_1_229' title='bbox 177 3789 294 3849; x_wconf 80' lang='lat' dir='ltr'><strong>Excitat</strong></span> <span class='ocrx_word' id='word_1_230' title='bbox 310 3811 317 3860; x_wconf 90' lang='grc'>;</span> <span class='ocrx_word' id='word_1_231' title='bbox 341 3793 571 3867; x_wconf 89' lang='lat' dir='ltr'><strong>hesternumque</strong></span> <span class='ocrx_word' id='word_1_232' title='bbox 585 3791 705 3862; x_wconf 87' lang='lat' dir='ltr'><strong>Larem,</strong></span> <span class='ocrx_word' id='word_1_233' title='bbox 722 3809 887 3869; x_wconf 83' lang='lat' dir='ltr'><strong>parvosque</strong></span> <span class='ocrx_word' id='word_1_234' title='bbox 902 3791 1031 3852; x_wconf 75' lang='lat' dir='ltr'><strong>Penates</strong></span> 
     </span>
     <span class='ocr_line' id='line_1_34' title="bbox 177 3881 941 3957; baseline 0.001 -16"><span class='ocrx_word' id='word_1_235' title='bbox 177 3881 277 3942; x_wconf 70' lang='lat' dir='ltr'><strong>Laetus</strong></span> <span class='ocrx_word' id='word_1_236' title='bbox 292 3885 352 3941; x_wconf 85' lang='lat' dir='ltr'><strong>edit</strong></span> <span class='ocrx_word' id='word_1_237' title='bbox 367 3905 374 3954; x_wconf 89' lang='lat'>;</span> <span class='ocrx_word' id='word_1_238' title='bbox 399 3895 528 3943; x_wconf 87' lang='lat' dir='ltr'><strong>mactant</strong></span> <span class='ocrx_word' id='word_1_239' title='bbox 544 3886 637 3942; x_wconf 91' lang='lat' dir='ltr'><strong>lectas</strong></span> <span class='ocrx_word' id='word_1_240' title='bbox 651 3884 687 3942; x_wconf 91' lang='lat' dir='ltr'><strong>de</strong></span> <span class='ocrx_word' id='word_1_241' title='bbox 702 3904 783 3943; x_wconf 91' lang='lat' dir='ltr'><strong>more</strong></span> <span class='ocrx_word' id='word_1_242' title='bbox 798 3885 941 3957; x_wconf 86' lang='lat' dir='ltr'><strong>bidentes,</strong></span> 
     </span>
     <span class='ocr_line' id='line_1_35' title="bbox 176 3974 1155 4054; baseline 0.006 -22"><span class='ocrx_word' id='word_1_243' title='bbox 176 3974 334 4034; x_wconf 81' lang='lat' dir='ltr'><strong>Evandrus</strong></span> <span class='ocrx_word' id='word_1_244' title='bbox 349 3979 466 4054; x_wconf 86' lang='lat' dir='ltr'><strong>pariter,</strong></span> <span class='ocrx_word' id='word_1_245' title='bbox 484 3978 594 4054; x_wconf 86' lang='lat' dir='ltr'><strong>pariter</strong></span> <span class='ocrx_word' id='word_1_246' title='bbox 608 3977 740 4053; x_wconf 84' lang='lat' dir='ltr'><strong>Trojano</strong></span> <span class='ocrx_word' id='word_1_247' title='bbox 750 3978 901 4053; x_wconf 83' lang='lat' dir='ltr'><strong>juventus.</strong></span> <span class='ocrx_word' id='word_1_248' title='bbox 1096 3980 1155 4038; x_wconf 77' lang='lat'><strong>545</strong></span> 
     </span>
     <span class='ocr_line' id='line_1_36' title="bbox 176 4067 957 4147; baseline 0.003 -21"><span class='ocrx_word' id='word_1_249' title='bbox 176 4067 246 4126; x_wconf 88' lang='lat' dir='ltr'><strong>Pdst</strong></span> <span class='ocrx_word' id='word_1_250' title='bbox 260 4071 329 4127; x_wconf 91' lang='lat' dir='ltr'><strong>hinc</strong></span> <span class='ocrx_word' id='word_1_251' title='bbox 344 4071 379 4127; x_wconf 86' lang='lat' dir='ltr'><strong>ad</strong></span> <span class='ocrx_word' id='word_1_252' title='bbox 395 4091 486 4128; x_wconf 89' lang='lat' dir='ltr'><strong>naves</strong></span> <span class='ocrx_word' id='word_1_253' title='bbox 500 4071 644 4147; x_wconf 77' lang='lat' dir='ltr'><strong>graditur,</strong></span> <span class='ocrx_word' id='word_1_254' title='bbox 660 4071 818 4146; x_wconf 89' lang='lat' dir='ltr'><strong>sociosque</strong></span> <span class='ocrx_word' id='word_1_255' title='bbox 838 4071 957 4128; x_wconf 85' lang='lat' dir='ltr'><strong>revisit:</strong></span> 
     </span>
     <span class='ocr_line' id='line_1_37' title="bbox 177 4160 979 4240; baseline 0.004 -21"><span class='ocrx_word' id='word_1_256' title='bbox 177 4160 311 4227; x_wconf 78' lang='lat' dir='ltr'><strong>Quorum</strong></span> <span class='ocrx_word' id='word_1_257' title='bbox 326 4164 361 4220; x_wconf 93' lang='lat' dir='ltr'><strong>de</strong></span> <span class='ocrx_word' id='word_1_258' title='bbox 376 4183 507 4235; x_wconf 89' lang='lat' dir='ltr'><strong>numero,</strong></span> <span class='ocrx_word' id='word_1_259' title='bbox 525 4165 575 4240; x_wconf 95' lang='lat' dir='ltr'><strong>qui</strong></span> <span class='ocrx_word' id='word_1_260' title='bbox 589 4184 654 4222; x_wconf 88' lang='lat' dir='ltr'><strong>sese</strong></span> <span class='ocrx_word' id='word_1_261' title='bbox 669 4165 699 4221; x_wconf 93' lang='lat' dir='ltr'><strong>in</strong></span> <span class='ocrx_word' id='word_1_262' title='bbox 713 4165 792 4221; x_wconf 85' lang='lat' dir='ltr'><strong>boile</strong></span> <span class='ocrx_word' id='word_1_263' title='bbox 805 4172 979 4240; x_wconf 88' lang='lat' dir='ltr'><strong>sequantur,</strong></span> 
     </span>
     <span class='ocr_line' id='line_1_38' title="bbox 176 4252 919 4335; baseline 0.004 -23"><span class='ocrx_word' id='word_1_264' title='bbox 176 4252 358 4313; x_wconf 83' lang='lat' dir='ltr'><strong>Praestantes</strong></span> <span class='ocrx_word' id='word_1_265' title='bbox 371 4258 477 4314; x_wconf 79' lang='lat' dir='ltr'><strong>virtute</strong></span> <span class='ocrx_word' id='word_1_266' title='bbox 493 4258 564 4335; x_wconf 90' lang='lat' dir='ltr'><strong>legit</strong></span> <span class='ocrx_word' id='word_1_267' title='bbox 581 4277 588 4326; x_wconf 89' lang='lat'><strong>;</strong></span> <span class='ocrx_word' id='word_1_268' title='bbox 613 4277 681 4334; x_wconf 81' lang='lat' dir='ltr'><strong>pars</strong></span> <span class='ocrx_word' id='word_1_269' title='bbox 696 4267 808 4315; x_wconf 84' lang='lat' dir='ltr'><strong>caetera</strong></span> <span class='ocrx_word' id='word_1_270' title='bbox 825 4256 919 4334; x_wconf 70' lang='lat' dir='ltr'><strong>pronis</strong></span> 
     </span>
     <span class='ocr_line' id='line_1_39' title="bbox 177 4346 930 4428; baseline 0.005 -24"><span class='ocrx_word' id='word_1_271' title='bbox 177 4346 285 4405; x_wconf 84' lang='lat' dir='ltr'><strong>Fertur</strong></span> <span class='ocrx_word' id='word_1_272' title='bbox 299 4349 388 4424; x_wconf 68' lang='lat' dir='ltr'><strong>aqua,</strong></span> <span class='ocrx_word' id='word_1_273' title='bbox 404 4351 565 4428; x_wconf 83' lang='lat' dir='ltr'><strong>segnisque</strong></span> <span class='ocrx_word' id='word_1_274' title='bbox 580 4351 711 4408; x_wconf 91' lang='lat' dir='ltr'><strong>secundo</strong></span> <span class='ocrx_word' id='word_1_275' title='bbox 726 4350 827 4408; x_wconf 88' lang='lat' dir='ltr'><strong>defluit</strong></span> <span class='ocrx_word' id='word_1_276' title='bbox 841 4350 930 4422; x_wconf 87' lang='lat' dir='ltr'><strong>amni,</strong></span> 
     </span>
     <span class='ocr_line' id='line_1_40' title="bbox 175 4439 1156 4520; baseline 0.006 -22"><span class='ocrx_word' id='word_1_277' title='bbox 175 4439 287 4499; x_wconf 83' lang='lat' dir='ltr'><strong>Nuntia</strong></span> <span class='ocrx_word' id='word_1_278' title='bbox 300 4457 425 4500; x_wconf 84' lang='lat' dir='ltr'><strong>venture</strong></span> <span class='ocrx_word' id='word_1_279' title='bbox 439 4445 570 4502; x_wconf 80' lang='lat' dir='ltr'><strong>Ascanio</strong></span> <span class='ocrx_word' id='word_1_280' title='bbox 585 4463 743 4520; x_wconf 90' lang='lat' dir='ltr'><strong>rerumque</strong></span> <span class='ocrx_word' id='word_1_281' title='bbox 759 4446 918 4520; x_wconf 88' lang='lat' dir='ltr'><strong>patrisque.</strong></span> <span class='ocrx_word' id='word_1_282' title='bbox 1095 4448 1156 4504; x_wconf 80' lang='grc'><strong>560</strong></span> 
     </span>
     <span class='ocr_line' id='line_1_41' title="bbox 175 4531 1094 4614; baseline 0.008 -24"><span class='ocrx_word' id='word_1_283' title='bbox 175 4531 293 4592; x_wconf 89' lang='lat' dir='ltr'><strong>Dantur</strong></span> <span class='ocrx_word' id='word_1_284' title='bbox 307 4536 376 4610; x_wconf 89' lang='lat' dir='ltr'><strong>equi</strong></span> <span class='ocrx_word' id='word_1_285' title='bbox 389 4536 516 4595; x_wconf 87' lang='lat' dir='ltr'><strong>Teucris</strong></span> <span class='ocrx_word' id='word_1_286' title='bbox 529 4538 688 4612; x_wconf 86' lang='lat' dir='ltr'><strong>Tyrrhena</strong></span> <span class='ocrx_word' id='word_1_287' title='bbox 702 4538 868 4614; x_wconf 91' lang='lat' dir='ltr'><strong>petentibus</strong></span> <span class='ocrx_word' id='word_1_288' title='bbox 882 4555 976 4596; x_wconf 82' lang='lat' dir='ltr'><strong>arva:</strong></span> <span class='ocrx_word' id='word_1_289' title='bbox 1083 4566 1094 4579; x_wconf 67' lang='lat'><strong><em>¹</em></strong></span> 
     </span>
     <span class='ocr_line' id='line_1_42' title="bbox 526 4635 591 4688; baseline 0 0"><span class='ocrx_word' id='word_1_290' title='bbox 526 4635 591 4688; x_wconf 74' lang='lat'><strong>21*</strong></span> 
     </span>
    </p>
   </div>
   <div class='ocr_carea' id='block_1_3' title="bbox 0 0 1350 5122">
    <p class='ocr_par' dir='ltr' id='par_1_3' title="bbox 0 0 1350 5122">
     <span class='ocr_line' id='line_1_43' title="bbox 0 0 1350 5122; baseline 0 4"><span class='ocrx_word' id='word_1_291' title='bbox 0 0 1350 5122; x_wconf 95' lang='lat' dir='ltr'><strong> </strong></span> 
     </span>
    </p>
   </div>
  </div>
 </body>
</html>
