<?xml version="1.0" encoding="UTF-8"?>
<!DOCTYPE html PUBLIC "-//W3C//DTD XHTML 1.0 Transitional//EN"
    "http://www.w3.org/TR/xhtml1/DTD/xhtml1-transitional.dtd">
<html xmlns="http://www.w3.org/1999/xhtml" xml:lang="en" lang="en">
 <head>
  <title>
</title>
<meta http-equiv="Content-Type" content="text/html;charset=utf-8" />
  <meta name='ocr-system' content='tesseract 3.04.00' />
  <meta name='ocr-capabilities' content='ocr_page ocr_carea ocr_par ocr_line ocrx_word'/>
</head>
<body>
  <div class='ocr_page' id='page_1' title='image "./pvirgiliimaroni00bowegoog/pvirgiliimaroni00bowegoog_0056.png"; bbox 0 0 2692 5122; ppageno 0'>
   <div class='ocr_carea' id='block_1_1' title="bbox 475 780 818 832">
    <p class='ocr_par' dir='ltr' id='par_1_1' title="bbox 475 780 818 832">
     <span class='ocr_line' id='line_1_1' title="bbox 475 780 818 832; baseline 0.012 -4"><span class='ocrx_word' id='word_1_1' title='bbox 475 780 696 831; x_wconf 76' lang='lat' dir='ltr'><strong>GEOBGICON</strong></span> <span class='ocrx_word' id='word_1_2' title='bbox 714 783 783 832; x_wconf 77' lang='lat' dir='ltr'><strong>ute.</strong></span> <span class='ocrx_word' id='word_1_3' title='bbox 797 782 818 832; x_wconf 92' lang='lat'><strong>1.</strong></span> 
     </span>
    </p>
   </div>
   <div class='ocr_carea' id='block_1_2' title="bbox 106 918 1145 4629">
    <p class='ocr_par' dir='ltr' id='par_1_2' title="bbox 194 918 930 1001">
     <span class='ocr_line' id='line_1_2' title="bbox 194 918 930 1001; baseline 0.004 -22"><span class='ocrx_word' id='word_1_4' title='bbox 194 920 295 996; x_wconf 84' lang='lat' dir='ltr'><strong>Atque</strong></span> <span class='ocrx_word' id='word_1_5' title='bbox 310 918 376 978; x_wconf 75' lang='lat' dir='ltr'><strong>haec</strong></span> <span class='ocrx_word' id='word_1_6' title='bbox 390 927 421 978; x_wconf 92' lang='lat' dir='ltr'><strong>ut</strong></span> <span class='ocrx_word' id='word_1_7' title='bbox 435 920 526 978; x_wconf 88' lang='lat' dir='ltr'><strong>certis</strong></span> <span class='ocrx_word' id='word_1_8' title='bbox 539 922 684 998; x_wconf 87' lang='lat' dir='ltr'><strong>possimus</strong></span> <span class='ocrx_word' id='word_1_9' title='bbox 697 922 813 981; x_wconf 82' lang='lat' dir='ltr'><strong>discere</strong></span> <span class='ocrx_word' id='word_1_10' title='bbox 828 923 930 1001; x_wconf 86' lang='lat' dir='ltr'><strong>signis,</strong></span> 
     </span>
    </p>

    <p class='ocr_par' dir='ltr' id='par_1_3' title="bbox 155 1012 981 1094">
     <span class='ocr_line' id='line_1_3' title="bbox 155 1012 981 1094; baseline 0.004 -22"><span class='ocrx_word' id='word_1_11' title='bbox 155 1012 337 1089; x_wconf 81' lang='lat' dir='ltr'><strong>AEstusque‚</strong></span> <span class='ocrx_word' id='word_1_12' title='bbox 354 1013 540 1090; x_wconf 87' lang='lat' dir='ltr'><strong>pluviasque,</strong></span> <span class='ocrx_word' id='word_1_13' title='bbox 557 1023 587 1071; x_wconf 88' lang='lat' dir='ltr'><strong>et</strong></span> <span class='ocrx_word' id='word_1_14' title='bbox 601 1025 726 1092; x_wconf 86' lang='lat' dir='ltr'><strong>agentes</strong></span> <span class='ocrx_word' id='word_1_15' title='bbox 740 1016 853 1094; x_wconf 82' lang='lat' dir='ltr'><strong>lrignra</strong></span> <span class='ocrx_word' id='word_1_16' title='bbox 866 1028 981 1088; x_wconf 83' lang='lat' dir='ltr'><strong>ventos,</strong></span> 
     </span>
    </p>

    <p class='ocr_par' dir='ltr' id='par_1_4' title="bbox 155 1107 954 1184">
     <span class='ocr_line' id='line_1_4' title="bbox 155 1107 954 1184; baseline 0.003 -19"><span class='ocrx_word' id='word_1_17' title='bbox 155 1107 224 1184; x_wconf 91' lang='lat' dir='ltr'><strong>lpse</strong></span> <span class='ocrx_word' id='word_1_18' title='bbox 238 1107 330 1165; x_wconf 89' lang='lat' dir='ltr'><strong>Pater</strong></span> <span class='ocrx_word' id='word_1_19' title='bbox 344 1108 456 1177; x_wconf 76' lang='lat' dir='ltr'><strong>statuit,</strong></span> <span class='ocrx_word' id='word_1_20' title='bbox 474 1108 544 1183; x_wconf 89' lang='lat' dir='ltr'><strong>quid</strong></span> <span class='ocrx_word' id='word_1_21' title='bbox 557 1120 711 1165; x_wconf 90' lang='lat' dir='ltr'><strong>menstrua</strong></span> <span class='ocrx_word' id='word_1_22' title='bbox 725 1109 796 1166; x_wconf 90' lang='lat' dir='ltr'><strong>luna</strong></span> <span class='ocrx_word' id='word_1_23' title='bbox 809 1117 954 1180; x_wconf 87' lang='lat' dir='ltr'><strong>moneret,</strong></span> 
     </span>
    </p>

    <p class='ocr_par' dir='ltr' id='par_1_5' title="bbox 156 1200 956 1279">
     <span class='ocr_line' id='line_1_5' title="bbox 156 1200 956 1279; baseline 0.003 -21"><span class='ocrx_word' id='word_1_24' title='bbox 156 1200 225 1268; x_wconf 79' lang='lat' dir='ltr'><strong>Quo</strong></span> <span class='ocrx_word' id='word_1_25' title='bbox 238 1201 325 1278; x_wconf 84' lang='lat' dir='ltr'><strong>signo</strong></span> <span class='ocrx_word' id='word_1_26' title='bbox 339 1200 480 1258; x_wconf 82' lang='lat' dir='ltr'><strong>caderent</strong></span> <span class='ocrx_word' id='word_1_27' title='bbox 496 1202 589 1259; x_wconf 79' lang='lat' dir='ltr'><strong>austri</strong></span> <span class='ocrx_word' id='word_1_28' title='bbox 606 1220 614 1270; x_wconf 92' lang='lat'>;</span> <span class='ocrx_word' id='word_1_29' title='bbox 639 1202 708 1277; x_wconf 91' lang='lat' dir='ltr'><strong>quid</strong></span> <span class='ocrx_word' id='word_1_30' title='bbox 727 1202 807 1279; x_wconf 76' lang='lat' dir='ltr'><strong>srepb</strong></span> <span class='ocrx_word' id='word_1_31' title='bbox 823 1202 956 1261; x_wconf 89' lang='lat' dir='ltr'><strong>videntes</strong></span> 
     </span>
    </p>

    <p class='ocr_par' dir='ltr' id='par_1_6' title="bbox 106 1293 1142 1465">
     <span class='ocr_line' id='line_1_6' title="bbox 154 1293 1142 1372; baseline 0.007 -22"><span class='ocrx_word' id='word_1_32' title='bbox 154 1293 306 1372; x_wconf 79' lang='lat' dir='ltr'><strong>Agricolas</strong></span> <span class='ocrx_word' id='word_1_33' title='bbox 321 1293 441 1370; x_wconf 82' lang='lat' dir='ltr'><strong>propiits</strong></span> <span class='ocrx_word' id='word_1_34' title='bbox 455 1294 580 1352; x_wconf 86' lang='lat' dir='ltr'><strong>stabulis</strong></span> <span class='ocrx_word' id='word_1_35' title='bbox 594 1303 727 1352; x_wconf 85' lang='lat' dir='ltr'><strong>armenta</strong></span> <span class='ocrx_word' id='word_1_36' title='bbox 741 1302 885 1354; x_wconf 88' lang='lat' dir='ltr'><strong>tenerent.</strong></span> <span class='ocrx_word' id='word_1_37' title='bbox 1082 1298 1142 1357; x_wconf 69' lang='lat'><strong>35⁶</strong></span> 
     </span>
     <span class='ocr_line' id='line_1_7' title="bbox 106 1385 943 1465; baseline 0.001 -20"><span class='ocrx_word' id='word_1_38' title='bbox 106 1409 114 1417; x_wconf 87' lang='lat'>·</span> <span class='ocrx_word' id='word_1_39' title='bbox 194 1385 356 1457; x_wconf 86' lang='lat' dir='ltr'><strong>Continud,</strong></span> <span class='ocrx_word' id='word_1_40' title='bbox 372 1387 468 1444; x_wconf 88' lang='lat' dir='ltr'><strong>ventis</strong></span> <span class='ocrx_word' id='word_1_41' title='bbox 482 1388 684 1464; x_wconf 77' lang='lat' dir='ltr'><strong>surgentibus,</strong></span> <span class='ocrx_word' id='word_1_42' title='bbox 701 1394 752 1445; x_wconf 93' lang='lat' dir='ltr'><strong>aut</strong></span> <span class='ocrx_word' id='word_1_43' title='bbox 771 1388 847 1447; x_wconf 82' lang='lat' dir='ltr'><strong>freta</strong></span> <span class='ocrx_word' id='word_1_44' title='bbox 862 1388 943 1465; x_wconf 89' lang='lat' dir='ltr'><strong>ponti</strong></span> 
     </span>
    </p>

    <p class='ocr_par' dir='ltr' id='par_1_7' title="bbox 154 1477 868 1556">
     <span class='ocr_line' id='line_1_8' title="bbox 154 1477 868 1556; baseline 0 -19"><span class='ocrx_word' id='word_1_45' title='bbox 154 1477 304 1555; x_wconf 86' lang='lat' dir='ltr'><strong>Incipiunt</strong></span> <span class='ocrx_word' id='word_1_46' title='bbox 318 1479 431 1556; x_wconf 87' lang='lat' dir='ltr'><strong>agitata</strong></span> <span class='ocrx_word' id='word_1_47' title='bbox 443 1486 623 1550; x_wconf 80' lang='lat' dir='ltr'><strong>tumescere,</strong></span> <span class='ocrx_word' id='word_1_48' title='bbox 640 1490 669 1537; x_wconf 90' lang='lat' dir='ltr'><strong>et</strong></span> <span class='ocrx_word' id='word_1_49' title='bbox 684 1480 786 1538; x_wconf 90' lang='lat' dir='ltr'><strong>aridus</strong></span> <span class='ocrx_word' id='word_1_50' title='bbox 800 1481 868 1538; x_wconf 89' lang='lat' dir='ltr'><strong>altis</strong></span> 
     </span>
    </p>

    <p class='ocr_par' dir='ltr' id='par_1_8' title="bbox 154 1571 905 1651">
     <span class='ocr_line' id='line_1_9' title="bbox 154 1571 905 1651; baseline 0.005 -23"><span class='ocrx_word' id='word_1_51' title='bbox 154 1571 307 1629; x_wconf 84' lang='lat' dir='ltr'><strong>Montibus</strong></span> <span class='ocrx_word' id='word_1_52' title='bbox 321 1571 417 1629; x_wconf 86' lang='lat' dir='ltr'><strong>audiri</strong></span> <span class='ocrx_word' id='word_1_53' title='bbox 436 1572 548 1649; x_wconf 83' lang='lat' dir='ltr'><strong>fragor,</strong></span> <span class='ocrx_word' id='word_1_54' title='bbox 565 1581 616 1629; x_wconf 90' lang='lat' dir='ltr'><strong>aut</strong></span> <span class='ocrx_word' id='word_1_55' title='bbox 630 1575 803 1630; x_wconf 86' lang='lat' dir='ltr'><strong>resonantia</strong></span> <span class='ocrx_word' id='word_1_56' title='bbox 816 1572 905 1651; x_wconf 72' lang='lat' dir='ltr'><strong>longe</strong></span> 
     </span>
    </p>

    <p class='ocr_par' dir='ltr' id='par_1_9' title="bbox 153 1662 1020 1736">
     <span class='ocr_line' id='line_1_10' title="bbox 153 1662 1020 1736; baseline 0.005 -15"><span class='ocrx_word' id='word_1_57' title='bbox 153 1662 270 1722; x_wconf 84' lang='lat' dir='ltr'><strong>Littera</strong></span> <span class='ocrx_word' id='word_1_58' title='bbox 284 1665 412 1736; x_wconf 86' lang='lat' dir='ltr'><strong>misceri,</strong></span> <span class='ocrx_word' id='word_1_59' title='bbox 429 1674 459 1722; x_wconf 91' lang='lat' dir='ltr'><strong>et</strong></span> <span class='ocrx_word' id='word_1_60' title='bbox 473 1684 625 1722; x_wconf 90' lang='lat' dir='ltr'><strong>nemorum</strong></span> <span class='ocrx_word' id='word_1_61' title='bbox 640 1666 865 1724; x_wconf 88' lang='lat' dir='ltr'><strong>increbrescere</strong></span> <span class='ocrx_word' id='word_1_62' title='bbox 881 1685 1020 1725; x_wconf 86' lang='lat' dir='ltr'><strong>murmur.</strong></span> 
     </span>
    </p>

    <p class='ocr_par' dir='ltr' id='par_1_10' title="bbox 154 1757 1142 1835">
     <span class='ocr_line' id='line_1_11' title="bbox 154 1757 1142 1835; baseline 0.004 -20"><span class='ocrx_word' id='word_1_63' title='bbox 154 1757 224 1816; x_wconf 85' lang='lat' dir='ltr'><strong>Jam</strong></span> <span class='ocrx_word' id='word_1_64' title='bbox 238 1757 293 1815; x_wconf 90' lang='lat' dir='ltr'><strong>sibi</strong></span> <span class='ocrx_word' id='word_1_65' title='bbox 307 1768 369 1815; x_wconf 91' lang='lat' dir='ltr'><strong>tum</strong></span> <span class='ocrx_word' id='word_1_66' title='bbox 383 1758 484 1815; x_wconf 87' lang='lat' dir='ltr'><strong>curvis</strong></span> <span class='ocrx_word' id='word_1_67' title='bbox 498 1757 574 1815; x_wconf 78' lang='lat' dir='ltr'><strong>malb</strong></span> <span class='ocrx_word' id='word_1_68' title='bbox 588 1767 733 1835; x_wconf 88' lang='lat' dir='ltr'><strong>temperat</strong></span> <span class='ocrx_word' id='word_1_69' title='bbox 748 1759 828 1817; x_wconf 88' lang='lat' dir='ltr'><strong>unda</strong></span> <span class='ocrx_word' id='word_1_70' title='bbox 841 1760 962 1831; x_wconf 87' lang='lat' dir='ltr'><strong>carinis,</strong></span> <span class='ocrx_word' id='word_1_71' title='bbox 1081 1759 1142 1818; x_wconf 77' lang='lat'><strong>³60</strong></span> 
     </span>
    </p>

    <p class='ocr_par' dir='ltr' id='par_1_11' title="bbox 157 1850 951 1931">
     <span class='ocr_line' id='line_1_12' title="bbox 157 1850 951 1931; baseline 0.004 -24"><span class='ocrx_word' id='word_1_72' title='bbox 157 1850 257 1919; x_wconf 81' lang='lat' dir='ltr'><strong>Quum</strong></span> <span class='ocrx_word' id='word_1_73' title='bbox 270 1850 367 1908; x_wconf 89' lang='lat' dir='ltr'><strong>medio</strong></span> <span class='ocrx_word' id='word_1_74' title='bbox 381 1851 497 1908; x_wconf 87' lang='lat' dir='ltr'><strong>celeres</strong></span> <span class='ocrx_word' id='word_1_75' title='bbox 511 1850 645 1909; x_wconf 83' lang='lat' dir='ltr'><strong>revolent</strong></span> <span class='ocrx_word' id='word_1_76' title='bbox 659 1871 697 1908; x_wconf 86' lang='lat' dir='ltr'><strong>ex</strong></span> <span class='ocrx_word' id='word_1_77' title='bbox 711 1871 831 1927; x_wconf 73' lang='lat' dir='ltr'><strong>aequore</strong></span> <span class='ocrx_word' id='word_1_78' title='bbox 847 1854 951 1931; x_wconf 88' lang='lat' dir='ltr'><strong>mergi,</strong></span> 
     </span>
    </p>

    <p class='ocr_par' dir='ltr' id='par_1_12' title="bbox 155 1942 1001 2022">
     <span class='ocr_line' id='line_1_13' title="bbox 155 1942 1001 2022; baseline 0.002 -19"><span class='ocrx_word' id='word_1_79' title='bbox 155 1942 386 2020; x_wconf 79' lang='lat' dir='ltr'><strong>clamoremque</strong></span> <span class='ocrx_word' id='word_1_80' title='bbox 402 1944 499 2002; x_wconf 90' lang='lat' dir='ltr'><strong>serunt</strong></span> <span class='ocrx_word' id='word_1_81' title='bbox 513 1944 550 2001; x_wconf 87' lang='lat' dir='ltr'><strong>ad</strong></span> <span class='ocrx_word' id='word_1_82' title='bbox 565 1945 664 2005; x_wconf 87' lang='lat' dir='ltr'><strong>littora</strong></span> <span class='ocrx_word' id='word_1_83' title='bbox 681 1964 688 2014; x_wconf 88' lang='lat'>;</span> <span class='ocrx_word' id='word_1_84' title='bbox 714 1964 864 2022; x_wconf 92' lang='lat' dir='ltr'><strong>quumque</strong></span> <span class='ocrx_word' id='word_1_85' title='bbox 878 1946 1001 2005; x_wconf 72' lang='lat' dir='ltr'><strong>mariam</strong></span> 
     </span>
    </p>

    <p class='ocr_par' dir='ltr' id='par_1_13' title="bbox 155 2035 850 2114">
     <span class='ocr_line' id='line_1_14' title="bbox 155 2035 850 2114; baseline 0.001 -19"><span class='ocrx_word' id='word_1_86' title='bbox 155 2035 190 2095; x_wconf 91' lang='lat' dir='ltr'><strong>Iu</strong></span> <span class='ocrx_word' id='word_1_87' title='bbox 204 2039 285 2095; x_wconf 89' lang='lat' dir='ltr'><strong>sicco</strong></span> <span class='ocrx_word' id='word_1_88' title='bbox 299 2037 403 2094; x_wconf 89' lang='lat' dir='ltr'><strong>ludunt</strong></span> <span class='ocrx_word' id='word_1_89' title='bbox 423 2037 542 2105; x_wconf 82' lang='lat' dir='ltr'><strong>salicoe3</strong></span> <span class='ocrx_word' id='word_1_90' title='bbox 566 2046 712 2113; x_wconf 88' lang='lat' dir='ltr'><strong>notasque</strong></span> <span class='ocrx_word' id='word_1_91' title='bbox 728 2038 850 2114; x_wconf 86' lang='lat' dir='ltr'><strong>paludes</strong></span> 
     </span>
    </p>

    <p class='ocr_par' dir='ltr' id='par_1_14' title="bbox 153 2129 940 2206">
     <span class='ocr_line' id='line_1_15' title="bbox 153 2129 940 2206; baseline 0.004 -18"><span class='ocrx_word' id='word_1_92' title='bbox 153 2129 285 2201; x_wconf 82' lang='lat' dir='ltr'><strong>Deserit,</strong></span> <span class='ocrx_word' id='word_1_93' title='bbox 302 2139 392 2206; x_wconf 82' lang='lat' dir='ltr'><strong>etque</strong></span> <span class='ocrx_word' id='word_1_94' title='bbox 408 2131 498 2188; x_wconf 88' lang='lat' dir='ltr'><strong>altam</strong></span> <span class='ocrx_word' id='word_1_95' title='bbox 517 2149 608 2206; x_wconf 88' lang='lat' dir='ltr'><strong>supra</strong></span> <span class='ocrx_word' id='word_1_96' title='bbox 622 2130 700 2188; x_wconf 87' lang='lat' dir='ltr'><strong>volat</strong></span> <span class='ocrx_word' id='word_1_97' title='bbox 715 2131 808 2189; x_wconf 89' lang='lat' dir='ltr'><strong>ardea</strong></span> <span class='ocrx_word' id='word_1_98' title='bbox 822 2134 940 2192; x_wconf 91' lang='lat' dir='ltr'><strong>nubem.</strong></span> 
     </span>
    </p>

    <p class='ocr_par' dir='ltr' id='par_1_15' title="bbox 155 2222 1142 2301">
     <span class='ocr_line' id='line_1_16' title="bbox 155 2222 1142 2301; baseline 0.002 -19"><span class='ocrx_word' id='word_1_99' title='bbox 155 2224 240 2301; x_wconf 76' lang='lat' dir='ltr'><strong>Saspd</strong></span> <span class='ocrx_word' id='word_1_100' title='bbox 255 2224 345 2281; x_wconf 86' lang='lat' dir='ltr'><strong>etiam</strong></span> <span class='ocrx_word' id='word_1_101' title='bbox 360 2223 471 2292; x_wconf 85' lang='lat' dir='ltr'><strong>stellas,</strong></span> <span class='ocrx_word' id='word_1_102' title='bbox 488 2231 576 2281; x_wconf 88' lang='lat' dir='ltr'><strong>vento</strong></span> <span class='ocrx_word' id='word_1_103' title='bbox 590 2223 790 2300; x_wconf 88' lang='lat' dir='ltr'><strong>impendente,</strong></span> <span class='ocrx_word' id='word_1_104' title='bbox 807 2225 922 2283; x_wconf 91' lang='lat' dir='ltr'><strong>videbis</strong></span> <span class='ocrx_word' id='word_1_105' title='bbox 1081 2222 1142 2282; x_wconf 75' lang='grc'><strong>366</strong></span> 
     </span>
    </p>

    <p class='ocr_par' dir='ltr' id='par_1_16' title="bbox 154 2315 894 2393">
     <span class='ocr_line' id='line_1_17' title="bbox 154 2315 894 2393; baseline 0.001 -18"><span class='ocrx_word' id='word_1_106' title='bbox 154 2317 328 2393; x_wconf 84' lang='lat' dir='ltr'><strong>Praecipites</strong></span> <span class='ocrx_word' id='word_1_107' title='bbox 341 2316 419 2374; x_wconf 84' lang='lat' dir='ltr'><strong>eoelo</strong></span> <span class='ocrx_word' id='word_1_108' title='bbox 434 2315 504 2386; x_wconf 92' lang='lat' dir='ltr'><strong>labi,</strong></span> <span class='ocrx_word' id='word_1_109' title='bbox 520 2316 675 2391; x_wconf 87' lang='lat' dir='ltr'><strong>noctisque</strong></span> <span class='ocrx_word' id='word_1_110' title='bbox 692 2336 744 2393; x_wconf 90' lang='lat' dir='ltr'><strong>per</strong></span> <span class='ocrx_word' id='word_1_111' title='bbox 758 2320 894 2376; x_wconf 89' lang='lat' dir='ltr'><strong>umbram</strong></span> 
     </span>
    </p>

    <p class='ocr_par' dir='ltr' id='par_1_17' title="bbox 155 2396 930 2485">
     <span class='ocr_line' id='line_1_18' title="bbox 155 2396 930 2485; baseline -0.001 -18"><span class='ocrx_word' id='word_1_112' title='bbox 155 2410 354 2468; x_wconf 81' lang='lat' dir='ltr'><strong>Flammarum</strong></span> <span class='ocrx_word' id='word_1_113' title='bbox 368 2409 474 2484; x_wconf 89' lang='lat' dir='ltr'><strong>longos</strong></span> <span class='ocrx_word' id='word_1_114' title='bbox 488 2426 507 2465; x_wconf 89' lang='lat' dir='ltr'><strong>a</strong></span> <span class='ocrx_word' id='word_1_115' title='bbox 519 2396 606 2485; x_wconf 72' lang='lat' dir='ltr'><strong>tc’rgo</strong></span> <span class='ocrx_word' id='word_1_116' title='bbox 622 2410 777 2466; x_wconf 85' lang='lat' dir='ltr'><strong>albescere</strong></span> <span class='ocrx_word' id='word_1_117' title='bbox 792 2418 906 2467; x_wconf 87' lang='lat' dir='ltr'><strong>tractus</strong></span> <span class='ocrx_word' id='word_1_118' title='bbox 922 2429 930 2478; x_wconf 91' lang='lat'>;</span> 
     </span>
    </p>

    <p class='ocr_par' dir='ltr' id='par_1_18' title="bbox 156 2501 957 2580">
     <span class='ocr_line' id='line_1_19' title="bbox 156 2501 957 2580; baseline -0.004 -19"><span class='ocrx_word' id='word_1_119' title='bbox 156 2503 240 2580; x_wconf 78' lang='lat' dir='ltr'><strong>Saepe</strong></span> <span class='ocrx_word' id='word_1_120' title='bbox 255 2503 350 2560; x_wconf 89' lang='lat' dir='ltr'><strong>levem</strong></span> <span class='ocrx_word' id='word_1_121' title='bbox 367 2502 484 2579; x_wconf 87' lang='lat' dir='ltr'><strong>paleam</strong></span> <span class='ocrx_word' id='word_1_122' title='bbox 499 2510 528 2558; x_wconf 88' lang='lat' dir='ltr'><strong>et</strong></span> <span class='ocrx_word' id='word_1_123' title='bbox 542 2501 662 2558; x_wconf 87' lang='lat' dir='ltr'><strong>frondes</strong></span> <span class='ocrx_word' id='word_1_124' title='bbox 677 2501 801 2558; x_wconf 87' lang='lat' dir='ltr'><strong>volitare</strong></span> <span class='ocrx_word' id='word_1_125' title='bbox 816 2501 957 2574; x_wconf 87' lang='lat' dir='ltr'><strong>caducas,</strong></span> 
     </span>
    </p>

    <p class='ocr_par' dir='ltr' id='par_1_19' title="bbox 155 2592 917 2670">
     <span class='ocr_line' id='line_1_20' title="bbox 155 2592 917 2670; baseline -0.001 -16"><span class='ocrx_word' id='word_1_126' title='bbox 155 2597 215 2654; x_wconf 85' lang='lat' dir='ltr'><strong>Aut</strong></span> <span class='ocrx_word' id='word_1_127' title='bbox 229 2595 344 2654; x_wconf 73' lang='lat' dir='ltr'><strong>summai</strong></span> <span class='ocrx_word' id='word_1_128' title='bbox 358 2607 466 2652; x_wconf 88' lang='lat' dir='ltr'><strong>nantes</strong></span> <span class='ocrx_word' id='word_1_129' title='bbox 483 2594 512 2651; x_wconf 94' lang='lat' dir='ltr'><strong>in</strong></span> <span class='ocrx_word' id='word_1_130' title='bbox 529 2592 609 2669; x_wconf 76' lang='lat' dir='ltr'><strong>aquai</strong></span> <span class='ocrx_word' id='word_1_131' title='bbox 623 2594 775 2651; x_wconf 87' lang='lat' dir='ltr'><strong>colludere</strong></span> <span class='ocrx_word' id='word_1_132' title='bbox 794 2594 917 2670; x_wconf 89' lang='lat' dir='ltr'><strong>plumas.</strong></span> 
     </span>
    </p>

    <p class='ocr_par' dir='ltr' id='par_1_20' title="bbox 156 2686 1143 2764">
     <span class='ocr_line' id='line_1_21' title="bbox 156 2686 1143 2764; baseline 0.001 -19"><span class='ocrx_word' id='word_1_133' title='bbox 156 2689 195 2746; x_wconf 85' lang='lat' dir='ltr'><strong>At</strong></span> <span class='ocrx_word' id='word_1_134' title='bbox 208 2688 313 2745; x_wconf 74' lang='lat' dir='ltr'><strong>Boreae</strong></span> <span class='ocrx_word' id='word_1_135' title='bbox 329 2688 365 2745; x_wconf 88' lang='lat' dir='ltr'><strong>de</strong></span> <span class='ocrx_word' id='word_1_136' title='bbox 381 2696 464 2764; x_wconf 87' lang='lat' dir='ltr'><strong>parte</strong></span> <span class='ocrx_word' id='word_1_137' title='bbox 479 2687 573 2744; x_wconf 90' lang='lat' dir='ltr'><strong>trucis</strong></span> <span class='ocrx_word' id='word_1_138' title='bbox 589 2705 679 2761; x_wconf 92' lang='lat' dir='ltr'><strong>quum</strong></span> <span class='ocrx_word' id='word_1_139' title='bbox 694 2686 837 2757; x_wconf 85' lang='lat' dir='ltr'><strong>fulminat,</strong></span> <span class='ocrx_word' id='word_1_140' title='bbox 853 2695 883 2745; x_wconf 88' lang='lat' dir='ltr'><strong>ct</strong></span> <span class='ocrx_word' id='word_1_141' title='bbox 899 2705 989 2764; x_wconf 92' lang='lat' dir='ltr'><strong>quum</strong></span> <span class='ocrx_word' id='word_1_142' title='bbox 1083 2688 1143 2746; x_wconf 80' lang='lat' dir='ltr'><strong>ato</strong></span> 
     </span>
    </p>

    <p class='ocr_par' dir='ltr' id='par_1_21' title="bbox 156 2779 946 2858">
     <span class='ocr_line' id='line_1_22' title="bbox 156 2779 946 2858; baseline 0 -19"><span class='ocrx_word' id='word_1_143' title='bbox 156 2780 289 2856; x_wconf 86' lang='lat' dir='ltr'><strong>Eurique</strong></span> <span class='ocrx_word' id='word_1_144' title='bbox 304 2781 496 2858; x_wconf 85' lang='lat' dir='ltr'><strong>Zephyrique</strong></span> <span class='ocrx_word' id='word_1_145' title='bbox 510 2788 593 2838; x_wconf 88' lang='lat' dir='ltr'><strong>tonat</strong></span> <span class='ocrx_word' id='word_1_146' title='bbox 607 2779 721 2850; x_wconf 90' lang='lat' dir='ltr'><strong>domus,</strong></span> <span class='ocrx_word' id='word_1_147' title='bbox 739 2779 837 2837; x_wconf 88' lang='lat' dir='ltr'><strong>omnia</strong></span> <span class='ocrx_word' id='word_1_148' title='bbox 852 2780 946 2856; x_wconf 87' lang='lat' dir='ltr'><strong>plenis</strong></span> 
     </span>
    </p>

    <p class='ocr_par' dir='ltr' id='par_1_22' title="bbox 156 2873 905 2950">
     <span class='ocr_line' id='line_1_23' title="bbox 156 2873 905 2950; baseline 0 -19"><span class='ocrx_word' id='word_1_149' title='bbox 156 2873 241 2931; x_wconf 89' lang='lat' dir='ltr'><strong>Rura</strong></span> <span class='ocrx_word' id='word_1_150' title='bbox 254 2883 357 2932; x_wconf 88' lang='lat' dir='ltr'><strong>natant</strong></span> <span class='ocrx_word' id='word_1_151' title='bbox 372 2874 469 2944; x_wconf 88' lang='lat' dir='ltr'><strong>fossis,</strong></span> <span class='ocrx_word' id='word_1_152' title='bbox 486 2882 575 2948; x_wconf 89' lang='lat' dir='ltr'><strong>atque</strong></span> <span class='ocrx_word' id='word_1_153' title='bbox 589 2873 683 2931; x_wconf 89' lang='lat' dir='ltr'><strong>omnis</strong></span> <span class='ocrx_word' id='word_1_154' title='bbox 698 2874 799 2931; x_wconf 88' lang='lat' dir='ltr'><strong>navita</strong></span> <span class='ocrx_word' id='word_1_155' title='bbox 817 2883 905 2950; x_wconf 92' lang='lat' dir='ltr'><strong>ponto</strong></span> 
     </span>
    </p>

    <p class='ocr_par' dir='ltr' id='par_1_23' title="bbox 156 2966 1031 3044">
     <span class='ocr_line' id='line_1_24' title="bbox 156 2966 1031 3044; baseline 0.001 -19"><span class='ocrx_word' id='word_1_156' title='bbox 156 2967 288 3025; x_wconf 91' lang='lat' dir='ltr'><strong>Humida</strong></span> <span class='ocrx_word' id='word_1_157' title='bbox 303 2967 370 3024; x_wconf 86' lang='lat' dir='ltr'><strong>vela</strong></span> <span class='ocrx_word' id='word_1_158' title='bbox 384 2967 465 3043; x_wconf 90' lang='lat' dir='ltr'><strong>legit.</strong></span> <span class='ocrx_word' id='word_1_159' title='bbox 509 2967 670 3042; x_wconf 87' lang='lat' dir='ltr'><strong>Nunquam</strong></span> <span class='ocrx_word' id='word_1_160' title='bbox 689 2967 923 3044; x_wconf 86' lang='lat' dir='ltr'><strong>imprudentibus</strong></span> <span class='ocrx_word' id='word_1_161' title='bbox 937 2966 1031 3026; x_wconf 80' lang='lat' dir='ltr'><strong>imber</strong></span> 
     </span>
    </p>

    <p class='ocr_par' dir='ltr' id='par_1_24' title="bbox 156 3059 859 3137">
     <span class='ocr_line' id='line_1_25' title="bbox 156 3059 859 3137; baseline -0.001 -19"><span class='ocrx_word' id='word_1_162' title='bbox 156 3060 258 3119; x_wconf 84' lang='lat' dir='ltr'><strong>Obfuit</strong></span> <span class='ocrx_word' id='word_1_163' title='bbox 274 3080 281 3117; x_wconf 76' lang='lat' dir='ltr'><em>z</em></span> <span class='ocrx_word' id='word_1_164' title='bbox 305 3068 356 3117; x_wconf 90' lang='lat' dir='ltr'><strong>aut</strong></span> <span class='ocrx_word' id='word_1_165' title='bbox 371 3060 452 3117; x_wconf 93' lang='lat' dir='ltr'><strong>illum</strong></span> <span class='ocrx_word' id='word_1_166' title='bbox 467 3069 638 3137; x_wconf 85' lang='lat' dir='ltr'><strong>surgentem</strong></span> <span class='ocrx_word' id='word_1_167' title='bbox 654 3059 780 3117; x_wconf 88' lang='lat' dir='ltr'><strong>vallibus</strong></span> <span class='ocrx_word' id='word_1_168' title='bbox 795 3061 859 3117; x_wconf 91' lang='lat' dir='ltr'><strong>imis</strong></span> 
     </span>
    </p>

    <p class='ocr_par' dir='ltr' id='par_1_25' title="bbox 156 3152 1143 3232">
     <span class='ocr_line' id='line_1_26' title="bbox 156 3152 1143 3232; baseline 0 -19"><span class='ocrx_word' id='word_1_169' title='bbox 156 3156 256 3214; x_wconf 73' lang='lat' dir='ltr'><strong>Aeriae</strong></span> <span class='ocrx_word' id='word_1_170' title='bbox 271 3152 375 3232; x_wconf 69' lang='lat' dir='ltr'><strong>sugere</strong></span> <span class='ocrx_word' id='word_1_171' title='bbox 390 3174 481 3231; x_wconf 82' lang='lat' dir='ltr'><strong>grues</strong></span> <span class='ocrx_word' id='word_1_172' title='bbox 495 3173 503 3222; x_wconf 93' lang='lat'>;</span> <span class='ocrx_word' id='word_1_173' title='bbox 528 3163 579 3211; x_wconf 85' lang='lat' dir='ltr'><strong>aut</strong></span> <span class='ocrx_word' id='word_1_174' title='bbox 593 3155 712 3224; x_wconf 89' lang='lat' dir='ltr'><strong>bucula,</strong></span> <span class='ocrx_word' id='word_1_175' title='bbox 729 3155 838 3212; x_wconf 87' lang='lat' dir='ltr'><strong>coelum</strong></span> <span class='ocrx_word' id='word_1_176' title='bbox 1084 3156 1143 3213; x_wconf 75' lang='lat'><strong>3⁷5</strong></span> 
     </span>
    </p>

    <p class='ocr_par' dir='ltr' id='par_1_26' title="bbox 159 3247 869 3325">
     <span class='ocr_line' id='line_1_27' title="bbox 159 3247 869 3325; baseline -0.004 -19"><span class='ocrx_word' id='word_1_177' title='bbox 159 3249 339 3325; x_wconf 90' lang='lat' dir='ltr'><strong>Suspiciens,</strong></span> <span class='ocrx_word' id='word_1_178' title='bbox 356 3247 463 3324; x_wconf 91' lang='lat' dir='ltr'><strong>patulis</strong></span> <span class='ocrx_word' id='word_1_179' title='bbox 478 3247 606 3324; x_wconf 85' lang='lat' dir='ltr'><strong>captavit</strong></span> <span class='ocrx_word' id='word_1_180' title='bbox 620 3248 742 3304; x_wconf 89' lang='lat' dir='ltr'><strong>naribus</strong></span> <span class='ocrx_word' id='word_1_181' title='bbox 757 3266 846 3304; x_wconf 89' lang='lat' dir='ltr'><strong>auras</strong></span> <span class='ocrx_word' id='word_1_182' title='bbox 861 3266 869 3315; x_wconf 93' lang='lat'>;</span> 
     </span>
    </p>

    <p class='ocr_par' dir='ltr' id='par_1_27' title="bbox 158 3339 866 3418">
     <span class='ocr_line' id='line_1_28' title="bbox 158 3339 866 3418; baseline -0.003 -19"><span class='ocrx_word' id='word_1_183' title='bbox 158 3340 220 3399; x_wconf 84' lang='lat' dir='ltr'><strong>Aut</strong></span> <span class='ocrx_word' id='word_1_184' title='bbox 234 3351 342 3418; x_wconf 89' lang='lat' dir='ltr'><strong>arguta</strong></span> <span class='ocrx_word' id='word_1_185' title='bbox 356 3342 440 3398; x_wconf 89' lang='lat' dir='ltr'><strong>lacus</strong></span> <span class='ocrx_word' id='word_1_186' title='bbox 455 3340 701 3399; x_wconf 79' lang='lat' dir='ltr'><strong>circumvolitavit</strong></span> <span class='ocrx_word' id='word_1_187' title='bbox 716 3339 841 3397; x_wconf 91' lang='lat' dir='ltr'><strong>hirundo</strong></span> <span class='ocrx_word' id='word_1_188' title='bbox 859 3359 866 3406; x_wconf 90' lang='lat'>;</span> 
     </span>
    </p>

    <p class='ocr_par' dir='ltr' id='par_1_28' title="bbox 158 3431 1026 3506">
     <span class='ocr_line' id='line_1_29' title="bbox 158 3431 1026 3506; baseline -0.006 -15"><span class='ocrx_word' id='word_1_189' title='bbox 158 3435 198 3491; x_wconf 87' lang='lat' dir='ltr'><strong>Et</strong></span> <span class='ocrx_word' id='word_1_190' title='bbox 213 3443 343 3491; x_wconf 90' lang='lat' dir='ltr'><strong>veterem</strong></span> <span class='ocrx_word' id='word_1_191' title='bbox 362 3435 390 3490; x_wconf 90' lang='lat' dir='ltr'><strong>in</strong></span> <span class='ocrx_word' id='word_1_192' title='bbox 407 3433 475 3491; x_wconf 92' lang='lat' dir='ltr'><strong>limo</strong></span> <span class='ocrx_word' id='word_1_193' title='bbox 490 3452 571 3490; x_wconf 83' lang='lat' dir='ltr'><strong>ranae</strong></span> <span class='ocrx_word' id='word_1_194' title='bbox 586 3431 724 3488; x_wconf 68' lang='lat' dir='ltr'><strong>cecinere</strong></span> <span class='ocrx_word' id='word_1_195' title='bbox 740 3431 916 3505; x_wconf 89' lang='lat' dir='ltr'><strong>querelam;</strong></span> <span class='ocrx_word' id='word_1_196' title='bbox 1017 3479 1026 3506; x_wconf 78' lang='grc'><em>,</em></span> 
     </span>
    </p>

    <p class='ocr_par' dir='ltr' id='par_1_29' title="bbox 159 3522 830 3604">
     <span class='ocr_line' id='line_1_30' title="bbox 159 3522 830 3604; baseline -0.009 -19"><span class='ocrx_word' id='word_1_197' title='bbox 159 3526 274 3604; x_wconf 72' lang='lat' dir='ltr'><strong>Saepius</strong></span> <span class='ocrx_word' id='word_1_198' title='bbox 288 3535 318 3583; x_wconf 93' lang='lat' dir='ltr'><strong>et</strong></span> <span class='ocrx_word' id='word_1_199' title='bbox 335 3527 423 3583; x_wconf 87' lang='lat' dir='ltr'><strong>tectis</strong></span> <span class='ocrx_word' id='word_1_200' title='bbox 440 3524 641 3601; x_wconf 88' lang='lat' dir='ltr'><strong>penetralibus</strong></span> <span class='ocrx_word' id='word_1_201' title='bbox 656 3522 759 3580; x_wconf 86' lang='lat' dir='ltr'><strong>extulit</strong></span> <span class='ocrx_word' id='word_1_202' title='bbox 773 3542 830 3580; x_wconf 90' lang='lat' dir='ltr'><strong>ova</strong></span> 
     </span>
    </p>

    <p class='ocr_par' dir='ltr' id='par_1_30' title="bbox 158 3615 1145 3696">
     <span class='ocr_line' id='line_1_31' title="bbox 158 3615 1145 3696; baseline -0.002 -19"><span class='ocrx_word' id='word_1_203' title='bbox 158 3619 327 3696; x_wconf 86' lang='lat' dir='ltr'><strong>Angustum</strong></span> <span class='ocrx_word' id='word_1_204' title='bbox 340 3618 465 3677; x_wconf 87' lang='lat' dir='ltr'><strong>formica</strong></span> <span class='ocrx_word' id='word_1_205' title='bbox 477 3625 577 3673; x_wconf 90' lang='lat' dir='ltr'><strong>terens</strong></span> <span class='ocrx_word' id='word_1_206' title='bbox 592 3616 666 3684; x_wconf 89' lang='lat' dir='ltr'><strong>iter;</strong></span> <span class='ocrx_word' id='word_1_207' title='bbox 691 3625 720 3672; x_wconf 89' lang='lat' dir='ltr'><strong>et</strong></span> <span class='ocrx_word' id='word_1_208' title='bbox 735 3615 807 3672; x_wconf 92' lang='lat' dir='ltr'><strong>bibit</strong></span> <span class='ocrx_word' id='word_1_209' title='bbox 822 3616 928 3693; x_wconf 84' lang='lat' dir='ltr'><strong>ingens</strong></span> <span class='ocrx_word' id='word_1_210' title='bbox 1085 3617 1145 3676; x_wconf 78' lang='lat'><strong>3⁸0</strong></span> 
     </span>
    </p>

    <p class='ocr_par' dir='ltr' id='par_1_31' title="bbox 159 3709 881 3788">
     <span class='ocr_line' id='line_1_32' title="bbox 159 3709 881 3788; baseline -0.001 -20"><span class='ocrx_word' id='word_1_211' title='bbox 159 3711 278 3779; x_wconf 88' lang='lat' dir='ltr'><strong>Arcus;</strong></span> <span class='ocrx_word' id='word_1_212' title='bbox 303 3719 332 3768; x_wconf 91' lang='lat' dir='ltr'><strong>et</strong></span> <span class='ocrx_word' id='word_1_213' title='bbox 346 3731 362 3768; x_wconf 91' lang='lat' dir='ltr'><strong>e</strong></span> <span class='ocrx_word' id='word_1_214' title='bbox 378 3719 463 3788; x_wconf 88' lang='lat' dir='ltr'><strong>pastu</strong></span> <span class='ocrx_word' id='word_1_215' title='bbox 479 3709 627 3767; x_wconf 85' lang='lat' dir='ltr'><strong>decedens</strong></span> <span class='ocrx_word' id='word_1_216' title='bbox 642 3709 758 3786; x_wconf 89' lang='lat' dir='ltr'><strong>agmine</strong></span> <span class='ocrx_word' id='word_1_217' title='bbox 774 3728 881 3786; x_wconf 85' lang='lat' dir='ltr'><strong>magno</strong></span> 
     </span>
    </p>

    <p class='ocr_par' dir='ltr' id='par_1_32' title="bbox 161 3802 849 3881">
     <span class='ocr_line' id='line_1_33' title="bbox 161 3802 849 3881; baseline -0.001 -19"><span class='ocrx_word' id='word_1_218' title='bbox 161 3802 327 3863; x_wconf 89' lang='lat' dir='ltr'><strong>Corvorum</strong></span> <span class='ocrx_word' id='word_1_219' title='bbox 345 3804 489 3881; x_wconf 90' lang='lat' dir='ltr'><strong>increpuit</strong></span> <span class='ocrx_word' id='word_1_220' title='bbox 505 3804 606 3860; x_wconf 84' lang='lat' dir='ltr'><strong>densis</strong></span> <span class='ocrx_word' id='word_1_221' title='bbox 621 3804 770 3860; x_wconf 85' lang='lat' dir='ltr'><strong>exercitus</strong></span> <span class='ocrx_word' id='word_1_222' title='bbox 785 3804 849 3861; x_wconf 88' lang='lat' dir='ltr'><strong>alis.</strong></span> 
     </span>
    </p>

    <p class='ocr_par' dir='ltr' id='par_1_33' title="bbox 159 3895 959 3975">
     <span class='ocr_line' id='line_1_34' title="bbox 159 3895 959 3975; baseline 0.001 -21"><span class='ocrx_word' id='word_1_223' title='bbox 159 3895 227 3954; x_wconf 89' lang='lat' dir='ltr'><strong>Jam</strong></span> <span class='ocrx_word' id='word_1_224' title='bbox 242 3896 341 3954; x_wconf 84' lang='lat' dir='ltr'><strong>varias</strong></span> <span class='ocrx_word' id='word_1_225' title='bbox 356 3898 455 3975; x_wconf 86' lang='lat' dir='ltr'><strong>pelagi</strong></span> <span class='ocrx_word' id='word_1_226' title='bbox 470 3898 617 3966; x_wconf 88' lang='lat' dir='ltr'><strong>volucres,</strong></span> <span class='ocrx_word' id='word_1_227' title='bbox 634 3904 663 3953; x_wconf 92' lang='lat' dir='ltr'><strong>et</strong></span> <span class='ocrx_word' id='word_1_228' title='bbox 678 3915 743 3971; x_wconf 81' lang='lat' dir='ltr'><strong>quae</strong></span> <span class='ocrx_word' id='word_1_229' title='bbox 758 3897 833 3952; x_wconf 87' lang='lat' dir='ltr'><strong>Asia</strong></span> <span class='ocrx_word' id='word_1_230' title='bbox 847 3896 959 3955; x_wconf 89' lang='lat' dir='ltr'><strong>circum</strong></span> 
     </span>
    </p>

    <p class='ocr_par' dir='ltr' id='par_1_34' title="bbox 159 3988 889 4067">
     <span class='ocr_line' id='line_1_35' title="bbox 159 3988 889 4067; baseline 0 -20"><span class='ocrx_word' id='word_1_231' title='bbox 159 3988 308 4048; x_wconf 90' lang='lat' dir='ltr'><strong>Dulcibus</strong></span> <span class='ocrx_word' id='word_1_232' title='bbox 328 3991 356 4048; x_wconf 90' lang='lat' dir='ltr'><strong>ia</strong></span> <span class='ocrx_word' id='word_1_233' title='bbox 372 3991 486 4067; x_wconf 85' lang='lat' dir='ltr'><strong>stagnis</strong></span> <span class='ocrx_word' id='word_1_234' title='bbox 500 3991 643 4048; x_wconf 89' lang='lat' dir='ltr'><strong>rimantur</strong></span> <span class='ocrx_word' id='word_1_235' title='bbox 657 3998 743 4064; x_wconf 86' lang='lat' dir='ltr'><strong>prata</strong></span> <span class='ocrx_word' id='word_1_236' title='bbox 756 3988 889 4065; x_wconf 86' lang='lat' dir='ltr'><strong>Caystri,</strong></span> 
     </span>
    </p>

    <p class='ocr_par' dir='ltr' id='par_1_35' title="bbox 161 4080 1143 4161">
     <span class='ocr_line' id='line_1_36' title="bbox 161 4080 1143 4161; baseline -0.004 -21"><span class='ocrx_word' id='word_1_237' title='bbox 161 4080 307 4141; x_wconf 88' lang='lat' dir='ltr'><strong>Certatim</strong></span> <span class='ocrx_word' id='word_1_238' title='bbox 324 4084 426 4161; x_wconf 90' lang='lat' dir='ltr'><strong>largos</strong></span> <span class='ocrx_word' id='word_1_239' title='bbox 440 4083 570 4141; x_wconf 89' lang='lat' dir='ltr'><strong>humeris</strong></span> <span class='ocrx_word' id='word_1_240' title='bbox 584 4082 738 4139; x_wconf 86' lang='lat' dir='ltr'><strong>infundere</strong></span> <span class='ocrx_word' id='word_1_241' title='bbox 753 4100 847 4152; x_wconf 90' lang='lat' dir='ltr'><strong>rores,</strong></span> <span class='ocrx_word' id='word_1_242' title='bbox 1085 4081 1143 4142; x_wconf 72' lang='lat' dir='ltr'><strong>aab</strong></span> 
     </span>
    </p>

    <p class='ocr_par' dir='ltr' id='par_1_36' title="bbox 161 4173 1023 4254">
     <span class='ocr_line' id='line_1_37' title="bbox 161 4173 1023 4254; baseline -0.001 -20"><span class='ocrx_word' id='word_1_243' title='bbox 161 4175 249 4234; x_wconf 89' lang='lat' dir='ltr'><strong>Nunc</strong></span> <span class='ocrx_word' id='word_1_244' title='bbox 264 4186 353 4254; x_wconf 84' lang='lat' dir='ltr'><strong>caput</strong></span> <span class='ocrx_word' id='word_1_245' title='bbox 368 4177 518 4252; x_wconf 87' lang='lat' dir='ltr'><strong>objectare</strong></span> <span class='ocrx_word' id='word_1_246' title='bbox 533 4177 626 4246; x_wconf 83' lang='lat' dir='ltr'><strong>fretis,</strong></span> <span class='ocrx_word' id='word_1_247' title='bbox 644 4194 723 4232; x_wconf 89' lang='lat' dir='ltr'><strong>nunc</strong></span> <span class='ocrx_word' id='word_1_248' title='bbox 738 4194 860 4231; x_wconf 86' lang='lat' dir='ltr'><strong>currere</strong></span> <span class='ocrx_word' id='word_1_249' title='bbox 875 4175 905 4232; x_wconf 91' lang='lat' dir='ltr'><strong>in</strong></span> <span class='ocrx_word' id='word_1_250' title='bbox 919 4173 1023 4246; x_wconf 86' lang='lat' dir='ltr'><strong>undas,</strong></span> 
     </span>
    </p>

    <p class='ocr_par' dir='ltr' id='par_1_37' title="bbox 161 4268 871 4347">
     <span class='ocr_line' id='line_1_38' title="bbox 161 4268 871 4347; baseline -0.004 -19"><span class='ocrx_word' id='word_1_251' title='bbox 161 4269 201 4328; x_wconf 87' lang='lat' dir='ltr'><strong>Et</strong></span> <span class='ocrx_word' id='word_1_252' title='bbox 214 4270 313 4328; x_wconf 90' lang='lat' dir='ltr'><strong>studio</strong></span> <span class='ocrx_word' id='word_1_253' title='bbox 328 4271 480 4328; x_wconf 89' lang='lat' dir='ltr'><strong>incassum</strong></span> <span class='ocrx_word' id='word_1_254' title='bbox 495 4269 595 4327; x_wconf 92' lang='lat' dir='ltr'><strong>videas</strong></span> <span class='ocrx_word' id='word_1_255' title='bbox 608 4270 719 4347; x_wconf 91' lang='lat' dir='ltr'><strong>gestire</strong></span> <span class='ocrx_word' id='word_1_256' title='bbox 733 4268 871 4336; x_wconf 87' lang='lat' dir='ltr'><strong>lavandi;</strong></span> 
     </span>
    </p>

    <p class='ocr_par' dir='ltr' id='par_1_38' title="bbox 161 4361 948 4440">
     <span class='ocr_line' id='line_1_39' title="bbox 161 4361 948 4440; baseline -0.003 -19"><span class='ocrx_word' id='word_1_257' title='bbox 161 4362 239 4421; x_wconf 85' lang='lat' dir='ltr'><strong>Tum</strong></span> <span class='ocrx_word' id='word_1_258' title='bbox 253 4363 356 4421; x_wconf 89' lang='lat' dir='ltr'><strong>cornix</strong></span> <span class='ocrx_word' id='word_1_259' title='bbox 371 4361 461 4440; x_wconf 66' lang='lat' dir='ltr'><strong>pleni</strong></span> <span class='ocrx_word' id='word_1_260' title='bbox 474 4363 602 4440; x_wconf 91' lang='lat' dir='ltr'><strong>pluviam</strong></span> <span class='ocrx_word' id='word_1_261' title='bbox 616 4371 701 4421; x_wconf 89' lang='lat' dir='ltr'><strong>vocat</strong></span> <span class='ocrx_word' id='word_1_262' title='bbox 716 4362 849 4439; x_wconf 88' lang='lat' dir='ltr'><strong>improba</strong></span> <span class='ocrx_word' id='word_1_263' title='bbox 863 4381 948 4433; x_wconf 87' lang='lat' dir='ltr'><strong>voce,</strong></span> 
     </span>
    </p>

    <p class='ocr_par' dir='ltr' id='par_1_39' title="bbox 162 4455 815 4533">
     <span class='ocr_line' id='line_1_40' title="bbox 162 4455 815 4533; baseline 0.002 -19"><span class='ocrx_word' id='word_1_264' title='bbox 162 4455 201 4515; x_wconf 79' lang='lat' dir='ltr'><strong>Et</strong></span> <span class='ocrx_word' id='word_1_265' title='bbox 217 4457 282 4515; x_wconf 88' lang='lat' dir='ltr'><strong>sola</strong></span> <span class='ocrx_word' id='word_1_266' title='bbox 295 4456 326 4514; x_wconf 92' lang='lat' dir='ltr'><strong>in</strong></span> <span class='ocrx_word' id='word_1_267' title='bbox 340 4455 423 4516; x_wconf 74' lang='lat' dir='ltr'><strong>siccis</strong></span> <span class='ocrx_word' id='word_1_268' title='bbox 437 4476 540 4515; x_wconf 89' lang='lat' dir='ltr'><strong>secum</strong></span> <span class='ocrx_word' id='word_1_269' title='bbox 554 4457 699 4533; x_wconf 88' lang='lat' dir='ltr'><strong>spatiatur</strong></span> <span class='ocrx_word' id='word_1_270' title='bbox 713 4455 815 4515; x_wconf 73' lang='lat' dir='ltr'><strong>arenb.</strong></span> 
     </span>
    </p>

    <p class='ocr_par' dir='ltr' id='par_1_40' title="bbox 162 4544 1145 4629">
     <span class='ocr_line' id='line_1_41' title="bbox 162 4544 1145 4629; baseline 0 -21"><span class='ocrx_word' id='word_1_271' title='bbox 162 4547 211 4609; x_wconf 84' lang='lat' dir='ltr'><strong>Na</strong></span> <span class='ocrx_word' id='word_1_272' title='bbox 223 4559 371 4609; x_wconf 89' lang='lat' dir='ltr'><strong>nocturna</strong></span> <span class='ocrx_word' id='word_1_273' title='bbox 386 4551 503 4627; x_wconf 91' lang='lat' dir='ltr'><strong>quidem</strong></span> <span class='ocrx_word' id='word_1_274' title='bbox 517 4560 674 4629; x_wconf 86' lang='lat' dir='ltr'><strong>carpentes</strong></span> <span class='ocrx_word' id='word_1_275' title='bbox 688 4570 782 4628; x_wconf 90' lang='lat' dir='ltr'><strong>pensa</strong></span> <span class='ocrx_word' id='word_1_276' title='bbox 794 4550 901 4628; x_wconf 77' lang='lat' dir='ltr'><strong>puellae</strong></span> <span class='ocrx_word' id='word_1_277' title='bbox 1085 4544 1145 4603; x_wconf 84' lang='grc'><strong>390</strong></span> 
     </span>
    </p>
   </div>
   <div class='ocr_carea' id='block_1_3' title="bbox 0 0 1361 5122">
    <p class='ocr_par' dir='ltr' id='par_1_41' title="bbox 0 0 1361 5122">
     <span class='ocr_line' id='line_1_42' title="bbox 0 0 1361 5122; baseline 0 0"><span class='ocrx_word' id='word_1_278' title='bbox 0 0 1361 5122; x_wconf 95' lang='lat' dir='ltr'><strong> </strong></span> 
     </span>
    </p>
   </div>
  </div>
 </body>
</html>
