2692 5122
180 367 241 433 ω
466 370 493 416 P.
511 365 677 415 vlantnu
700 364 872 413 MAROMS

179 508 295 566 Aurum
309 507 414 584 ingens
428 506 552 564 coluber
567 525 575 574 ;
599 506 630 563 fit
644 505 741 582 longas
755 505 845 563 taenia
858 503 950 574 vitre,

181 598 368 676 lnnectitque
383 619 494 670 comas,
511 607 540 657 et
554 599 694 655 memhris
707 599 839 656 lubricus
853 603 946 656 errat.

180 694 227 750 Ac
241 693 309 751 dum
324 693 418 769 prima
430 693 496 749 lues
509 693 567 749 udo
581 692 723 768 sublapsa
736 710 850 749 veneno

180 787 333 847 Portentat
348 807 465 858 sensus,
483 795 571 863 atque
586 786 703 844 ossibus
716 785 847 862 implicat
862 784 971 861 ignem,

180 880 317 939 Necdum
331 882 447 939 animus
460 890 521 939 toto
537 879 667 956 percepit
682 887 802 956 pectore
817 877 975 947 flammam,

180 973 313 1045 mollius,
329 982 358 1032 et
372 975 459 1032 solito
473 982 600 1031 matrum
613 972 650 1030 de
662 991 756 1043 more,
772 972 872 1029 locuta
886 977 942 1041 est,

179 1066 277 1125 Multa
290 1086 381 1143 super
394 1066 466 1125 natal
479 1068 658 1143 lacrymans,
673 1065 872 1142 Phrygiisque
887 1061 1049 1140 hymenaeis
1062 1080 1073 1119 t

218 1160 420 1218 Exsulibusne
434 1160 522 1218 datur
535 1159 672 1217 ducenda
684 1157 812 1216 Lavinia
824 1155 965 1227 Teucris,

179 1253 209 1312 0
221 1253 362 1330 genitor?
382 1273 438 1311 nec
453 1263 482 1311 te
497 1254 617 1310 miseret
632 1261 780 1327 nataeque,
796 1249 924 1325 tuique?

180 1344 209 1404 N
212 1364 247 1404 ec
261 1346 363 1405 matris
377 1346 508 1417 miseret,
526 1364 614 1421 quam
628 1345 721 1422 primo
734 1343 883 1420 Aquilone
897 1341 1044 1418 relinquet

180 1440 327 1512 Perfidus,
346 1442 407 1499 alta
422 1449 535 1519 petens,
552 1438 681 1517 abductis
695 1440 820 1516 virgine,
837 1437 959 1515 praedo?

180 1535 220 1591 At
233 1554 293 1592 non
307 1534 350 1591 sic
365 1533 514 1611 Phrygius
529 1541 663 1611 penetrat
676 1531 896 1590 Lacedaemona
909 1537 1019 1608 pastor,

180 1625 383 1703 Ledaeamque
399 1626 550 1684 Helenam
562 1626 711 1701 Trojanas
726 1625 804 1682 vexit
819 1624 857 1682 sd
870 1622 985 1682 urhesl

181 1719 261 1788 Quid
275 1729 328 1777 tua
342 1728 446 1777 sancta
459 1720 544 1789 fides,
561 1719 630 1795 quid
644 1738 718 1777 cura
732 1719 854 1794 antiqua
866 1726 995 1788 tuorum,

181 1813 221 1871 Et
235 1814 459 1891 consanguineo
473 1814 561 1871 toties
575 1812 645 1871 data
663 1812 786 1870 dextera
798 1812 901 1870 Turno
915 1811 926 1867 l

182 1907 214 1964 Si
227 1927 322 1984 gener
335 1904 460 1964 externa
474 1907 583 1984 petitur
596 1905 633 1963 de
647 1914 736 1983 gente
750 1905 877 1976 Latinis,

182 1998 276 2076 ldque
291 1999 384 2069 sedet,
402 2000 560 2075 Faunique
574 2008 709 2076 premunt
723 2008 753 2056 te
769 1998 855 2074 jussa
869 1997 1000 2075 parentis
1014 2016 1022 2068 ;

181 2091 306 2151 Omnem
321 2092 458 2168 equidem
467 2093 599 2169 *sceptris
610 2100 730 2163 terram,
749 2112 815 2168 quae
830 2092 924 2149 libera
937 2091 1047 2151 nostris

180 2185 326 2258 Dissidet,
341 2196 495 2244 externam
509 2205 588 2257 reor,
604 2194 633 2244 et
648 2186 691 2243 sic
706 2185 805 2243 dicere
820 2185 912 2244 divos.

181 2278 221 2336 Et
235 2279 349 2350 Turno,
365 2280 391 2336 si
405 2280 499 2357 prima
511 2277 615 2336 demtis
628 2288 780 2356 repetatur
798 2279 893 2356 origo,

182 2370 312 2429 Inachus
326 2372 523 2448 Acrisiusque
539 2380 648 2449 patres,
664 2372 829 2448 mediaeque
844 2372 993 2448 Mycenas.

220 2463 279 2521 His
293 2449 344 2521 uhi
359 2464 560 2541 nequidquam
573 2463 659 2521 dictis
673 2475 805 2541 experta,
819 2465 962 2526 Latinum

182 2557 297 2617 Contrh
311 2567 392 2615 sture
408 2559 496 2630 videt,
513 2559 689 2636 penitusque
701 2561 730 2617 in
744 2561 862 2619 viscera
875 2561 991 2637 lapsum

182 2651 334 2726 Serpentis
348 2650 454 2708 furiale
469 2652 587 2725 malum,
604 2660 754 2728 totamque
769 2663 925 2731 pererrat;

180 2742 258 2800 Tum
273 2742 343 2800 vend
358 2743 469 2815 infelix,
487 2744 655 2821 ingentibus
669 2747 768 2803 excita
780 2746 929 2817 monstris,

181 2834 358 2893 Immensum
372 2837 436 2894 sine
451 2857 531 2894 more
547 2837 615 2895 furit
629 2839 778 2916 lymphata
794 2859 847 2916 per
861 2841 985 2897 urbem:

181 2928 248 2987 Ceu
264 2929 410 3005 quondam
424 2939 501 2988 torto
515 2931 640 2989 volitans
654 2935 709 2990 sub
724 2935 848 2991 verbere
866 2934 964 3004 turbo,

181 3022 279 3088 Quem
294 3024 378 3099 pueri
392 3042 499 3102 magno
513 3025 543 3081 in
557 3045 632 3102 gyro
647 3045 743 3084 vacua
757 3027 832 3083 atria
853 3026 967 3084 circum

181 3113 290 3173 lntenti
304 3117 374 3174 ludo
388 3126 529 3175 exercent
543 3137 551 3186 3
576 3119 624 3176 ille
639 3129 723 3177 actus
737 3118 857 3177 habenda

181 3207 323 3266 Curvatis
338 3209 431 3266 sertur
445 3211 547 3287 spatiis
562 3230 569 3267 ε
592 3220 689 3288 stupet
704 3212 799 3270 inscia
813 3213 906 3289 supra

180 3301 378 3376 Impubesque
394 3322 509 3372 manus,
525 3304 630 3361 mirata
644 3306 772 3362 volubile
793 3307 924 3363 buxum:

178 3392 260 3450 Dant
274 3394 386 3451 animos
401 3395 506 3471 plagae.
548 3397 577 3453 N
580 3416 617 3454 on
632 3417 722 3455 cursu
736 3399 856 3475 segnior
870 3399 919 3456 illo

179 3485 239 3542 Per
252 3485 364 3544 medias
378 3489 467 3544 urbes
482 3488 591 3564 agitur,
609 3492 790 3568 populosque
806 3492 931 3550 seroces.

179 3578 262 3646 Quin
275 3579 364 3637 etiam
377 3579 406 3636 in
420 3580 520 3650 silvas,
537 3582 674 3641 simulato
688 3585 805 3641 numine
820 3585 944 3655 Bacchi,

178 3670 277 3746 Majus
292 3671 394 3728 adorta
408 3673 501 3745 nefas,
519 3676 721 3752 majoremque
737 3697 806 3735 orsa
821 3679 961 3750 furorem,

177 3763 286 3821 Evolat
302 3784 309 3832 ;
334 3774 362 3821 et
377 3775 475 3823 natam
490 3768 636 3826 frondosis
650 3772 797 3828 montibus
811 3772 892 3829 abdit
906 3791 913 3840 ;

178 3854 247 3922 Qud
262 3856 422 3915 thalamum
437 3861 541 3937 eripiat
554 3863 692 3935 Teucris,
709 3865 862 3940 taedasque
877 3873 1029 3924 moretur:

177 3947 256 4011 Eum
270 3948 401 4021 Bacche,
418 3951 556 4025 fremens,
574 3957 667 4014 solum
682 3969 711 4014 te
726 3959 839 4035 virgine
855 3959 987 4036 dignum,

176 4040 354 4100 Vociferans
369 4064 375 4100 :
399 4047 507 4105 etenim
523 4051 625 4107 molles
639 4051 690 4107 tihi
704 4070 821 4109 sumere
836 4053 967 4128 thyrsos,

176 4134 221 4192 Te
236 4136 363 4195 lustrare
379 4140 480 4213 choro,
497 4162 616 4200 sacrum
628 4145 681 4201 tibi
696 4164 821 4221 pascere
836 4146 959 4205 crinem.
