2692 5122
207 345 246 403 92
493 336 520 384 r.
544 334 710 384 vrncrmr
737 333 910 387 usaoms

205 478 246 537 Et
260 478 390 536 mulcere
406 474 485 534 dedit
499 476 618 548 fluctus,
635 485 664 535 et
678 477 784 535 tollere
798 478 914 557 vento)

205 572 289 633 Gens
304 572 423 629 inimica
436 571 506 629 mihi
520 571 710 647 Tyrrhenum
725 572 847 649 navigat
861 591 974 646 aequor,

205 666 292 725 Ilium
306 667 336 724 in
351 666 468 723 Italiam
484 677 614 742 portans,
631 665 786 740 victosque
801 666 930 724 Penates
939 685 953 741 ..²

204 760 309 822 Incutc
324 761 382 817 vim
396 759 502 829 ventiS,
519 760 749 834 submersasque
765 761 858 817 obrue
873 778 986 837 puppes
1003 778 1012 829 ;

203 852 265 913 Aut
281 873 338 932 age
353 854 497 923 diversos,
514 861 543 909 et
557 852 661 927 disjice
676 872 803 930 corpora
817 861 914 931 ponto.
1153 856 1193 914 70

204 949 277 1006 Sunt
291 948 361 1004 milri
376 948 421 1004 bis
436 955 549 1024 septem
565 946 716 1023 praestanti
730 966 856 1023 corpore
871 948 899 1005 N
900 946 1030 1024 ymphae,

203 1040 348 1110 Quarum,
367 1060 433 1115 qum
449 1038 543 1097 forma
558 1039 767 1115 pulcherrima,
784 1040 952 1118 Del'opeam

190 1133 360 1194 'Connubio
378 1134 502 1209 jungam
517 1133 627 1202 stabili,
644 1134 853 1210 propriamque
869 1133 976 1192 dicabo
993 1154 1002 1204 3

200 1226 313 1287 Omnes
328 1236 359 1284 ut
374 1239 473 1284 tecum
488 1227 600 1283 meritis
615 1227 791 1329 prqtalilpus
807 1246 901 1303 annos

199 1319 322 1399 Exiget,
339 1328 368 1378 et
383 1318 508 1397 pulchri
522 1320 611 1377 saciat
626 1328 655 1376 to
670 1320 753 1396 prole
768 1329 931 1397 parentem.
961 1390 966 1403 Ι
1114 1298 1190 1381 ’Ἷό

238 1416 350 1475 AEolus
364 1416 429 1473 baec
444 1416 571 1473 contra:
596 1415 693 1486 Tuus,
710 1436 728 1473 o
742 1417 859 1493 regina,
877 1416 945 1493 quid
961 1425 1045 1494 optes
1070 1398 1076 1409 ι

198 1509 366 1588 Explorare
381 1511 466 1566 labor
480 1529 487 1578 ;
511 1510 582 1566 mibi
598 1508 685 1584 jussa
699 1529 859 1587 capessere
874 1511 920 1568 sas
934 1519 988 1570 est.

198 1604 246 1662 Tu
262 1604 343 1674 mibi,
361 1602 567 1678 quodcumque
582 1603 638 1663 boc
653 1604 749 1680 regui,
766 1612 796 1660 tu
812 1611 932 1680 sceptra
944 1604 1112 1681 Jovemqua

199 1696 379 1767 Conciliast
401 1708 431 1754 tu
446 1696 501 1754 dus
515 1697 610 1773 epulis
624 1698 803 1754 accumbere
818 1694 926 1767 diutim,

198 1791 227 1851 N
230 1790 434 1867 imborumque
450 1792 524 1850 sacis
538 1800 805 1868 tempestatumque
820 1800 978 1869 potentem.
1148 1797 1188 1854 80

237 1884 317 1943 Haec
332 1886 382 1943 ubi
396 1885 486 1955 dicta,
502 1903 608 1943 carum
623 1884 771 1943 conversi
785 1885 907 1963 cuspide
921 1894 1050 1945 montem

197 1978 315 2057 Impulit
331 1981 473 2038 inlatus:
496 1998 532 2037 ac
547 1981 638 2051 venti,
655 1981 735 2038 velut
750 1981 868 2058 agmine
883 1981 972 2053 sacto,

197 2072 270 2143 Qua
283 2075 353 2132 data
371 2084 465 2151 porta,
482 2084 582 2145 ruunt,
599 2083 629 2132 et
646 2082 743 2132 terras
757 2076 875 2132 turbine
891 2075 1026 2152 perflant.

196 2166 366 2227 Incububre
382 2169 467 2239 mari,
483 2177 637 2244 totumque
652 2188 670 2226 a
684 2168 805 2226 sedibus
825 2168 890 2225 imis

195 2260 265 2321 Una
285 2262 446 2338 Eurusque
460 2262 617 2338 Notusque
631 2271 731 2332 ruunt,
748 2264 915 2339 creberque
931 2264 1068 2340 procellis
1146 2267 1186 2325 85

194 2355 317 2413 Africus
332 2375 339 2424 ;
363 2365 392 2412 ot
407 2362 508 2412 vastos
524 2354 642 2412 volvunt
658 2354 695 2411 ad
716 2355 815 2411 littora
829 2354 945 2413 fluetus.

196 2447 367 2524 Insequitur
381 2449 553 2522 clamorque
569 2445 673 2516 virum,
689 2446 857 2523 stridorque
872 2447 1039 2509 rudeutdm.

124 2588 128 2595 .
194 2539 334 2618 Eripiunt
349 2539 445 2598 subitd
460 2541 556 2598 nubes
570 2540 739 2615 coelumque
754 2539 893 2617 diemque

194 2637 382 2695 Teucrorum
398 2655 434 2693 ex
449 2636 543 2693 oculis
558 2652 566 2693 t
589 2645 677 2713 ponto
692 2656 749 2693 nox
765 2637 886 2695 incubat
901 2646 976 2698 atra.

195 2728 355 2788 Intonuere
371 2729 440 2807 poli,
456 2739 485 2787 et
502 2730 617 2786 crebris
632 2729 720 2787 micat
736 2730 853 2807 ignibus
869 2731 983 2802 aetber3
1145 2736 1185 2794 90

194 2822 375 2883 Praesentem
382 2842 438 2898 que
453 2824 524 2880 viris
539 2823 684 2880 intentant
698 2824 797 2881 omnia
811 2834 944 2884 mortem.

234 2917 392 2995 Extemplo
406 2917 519 2975 AEneae
534 2917 691 2975 solvuntur
705 2917 815 2995 frigore
829 2921 971 2977 membra.

194 3010 333 3090 Ingemit,
350 3012 541 3106 deqplices
555 3011 680 3069 tendens
695 3011 732 3069 ad
747 3011 846 3069 sidera
860 3013 984 3090 palmas,

193 3107 283 3165 Talia
296 3102 369 3164 voce
384 3087 558 3192 refe*
564 3113 670 3181 terque
686 3114 852 3182 quaterque
866 3107 946 3164 beati

195 3198 291 3268 Queis
306 3210 373 3258 ante
388 3221 442 3258 ora
456 3209 582 3278 patrum,
601 3197 701 3274 Trojoe
715 3201 770 3258 sub
783 3200 931 3259 moenibus
945 3201 1022 3274 altis,
1143 3203 1183 3263 95

195 3292 328 3370 Contigit
344 3303 484 3370 oppetere
501 3297 507 3350 !
530 3313 548 3350 o
562 3292 703 3351 Danatim
718 3294 876 3352 fortissime
890 3296 989 3373 gentis

194 3383 321 3462 Tydide,
338 3406 423 3443 mcue
440 3385 539 3442 lliacis
554 3389 732 3445 occumbere
747 3389 859 3465 campis

194 3478 264 3538 Non
278 3480 419 3555 potuisse,
436 3477 549 3554 tuaique
564 3480 691 3539 animam
704 3482 782 3540 banc
797 3482 950 3541 effundere
965 3482 1090 3544 dextri!

193 3572 298 3632 Saevus
314 3573 362 3630 ubi
376 3572 518 3631 AEacidae
533 3575 593 3631 telo
609 3576 692 3651 jacet
706 3576 834 3648 Hector,
853 3576 902 3634 ubi
917 3577 1023 3655 ingena

194 3664 358 3743 Sarpedon,
375 3666 426 3723 ubi
439 3675 481 3724 tot
496 3668 603 3726 Simois
617 3662 755 3748 colrepta
769 3671 824 3729 sub
840 3670 925 3729 undis
1125 3674 1183 3733 100

194 3758 285 3818 Scuta
298 3757 393 3816 virum
407 3762 570 3840 galeasque
586 3773 615 3821 et
629 3765 718 3822 sortia
731 3784 858 3842 corpora
871 3766 973 3835 volvit.

231 3851 320 3910 Talia
337 3853 462 3928 jactanti
482 3856 609 3915 stridens
626 3857 776 3935 Aquilone
791 3846 954 3936 procella*

193 3944 303 4004 Velum
321 3946 446 4006 adversa
460 3949 536 4022 ferit,
553 3951 720 4029 fluctusque
736 3953 773 4011 ad
791 3953 889 4011 sidera
903 3952 987 4012 tollit.

191 4038 386 4119 Franguntur
399 4043 472 4101 remi
486 4062 494 4113 ;
517 4052 578 4104 tum
594 4066 683 4123 prora
697 4048 813 4119 avertit,
830 4055 858 4104 et
873 4046 959 4104 undis

193 4134 256 4197 Dat
270 4136 367 4206 latus;
391 4137 557 4212 insequitur
570 4141 688 4199 cumulo
703 4149 869 4220 praeruptus
884 4160 969 4219 aquae
984 4161 1078 4205 mons.
1123 4144 1180 4205 105
