<?xml version="1.0" encoding="UTF-8"?>
<!DOCTYPE html PUBLIC "-//W3C//DTD XHTML 1.0 Transitional//EN"
    "http://www.w3.org/TR/xhtml1/DTD/xhtml1-transitional.dtd">
<html xmlns="http://www.w3.org/1999/xhtml" xml:lang="en" lang="en">
 <head>
  <title>
</title>
<meta http-equiv="Content-Type" content="text/html;charset=utf-8" />
  <meta name='ocr-system' content='tesseract 3.04.00' />
  <meta name='ocr-capabilities' content='ocr_page ocr_carea ocr_par ocr_line ocrx_word'/>
</head>
<body>
  <div class='ocr_page' id='page_1' title='image "./pvirgiliimaroni00bowegoog_0064.png"; bbox 0 0 2692 5122; ppageno 0'>
   <div class='ocr_carea' id='block_1_1' title="bbox 449 760 813 816">
    <p class='ocr_par' dir='ltr' id='par_1_1' title="bbox 449 760 813 816">
     <span class='ocr_line' id='line_1_1' title="bbox 449 760 813 816; baseline 0.011 -5"><span class='ocrx_word' id='word_1_1' title='bbox 449 760 673 814; x_wconf 76' lang='grc' dir='ltr'><strong>011011010οΝ</strong></span> <span class='ocrx_word' id='word_1_2' title='bbox 691 766 761 814; x_wconf 74' lang='lat' dir='ltr'><strong>ctu</strong></span> <span class='ocrx_word' id='word_1_3' title='bbox 776 766 813 816; x_wconf 92' lang='grc'><strong>11.</strong></span> 
     </span>
    </p>
   </div>
   <div class='ocr_carea' id='block_1_2' title="bbox 136 901 1232 4624">
    <p class='ocr_par' dir='ltr' id='par_1_2' title="bbox 136 901 1232 4624">
     <span class='ocr_line' id='line_1_2' title="bbox 136 901 926 982; baseline 0.008 -19"><span class='ocrx_word' id='word_1_4' title='bbox 136 902 219 963; x_wconf 85' lang='lat' dir='ltr'><strong>Hinc</strong></span> <span class='ocrx_word' id='word_1_5' title='bbox 233 902 305 973; x_wconf 90' lang='lat' dir='ltr'><strong>albi,</strong></span> <span class='ocrx_word' id='word_1_6' title='bbox 322 901 485 975; x_wconf 85' lang='lat' dir='ltr'><strong>Clitumne,</strong></span> <span class='ocrx_word' id='word_1_7' title='bbox 501 922 622 982; x_wconf 82' lang='lat' dir='ltr'><strong>greges,</strong></span> <span class='ocrx_word' id='word_1_8' title='bbox 638 913 668 963; x_wconf 90' lang='lat' dir='ltr'><strong>et</strong></span> <span class='ocrx_word' id='word_1_9' title='bbox 681 906 809 966; x_wconf 84' lang='lat' dir='ltr'><strong>maxima</strong></span> <span class='ocrx_word' id='word_1_10' title='bbox 820 914 926 970; x_wconf 86' lang='lat' dir='ltr'><strong>taurus</strong></span> 
     </span>
     <span class='ocr_line' id='line_1_3' title="bbox 136 996 813 1076; baseline 0.009 -22"><span class='ocrx_word' id='word_1_11' title='bbox 136 997 279 1069; x_wconf 88' lang='lat' dir='ltr'><strong>Victima,</strong></span> <span class='ocrx_word' id='word_1_12' title='bbox 296 996 376 1076; x_wconf 74' lang='lat' dir='ltr'><strong>saepe</strong></span> <span class='ocrx_word' id='word_1_13' title='bbox 391 1006 442 1057; x_wconf 89' lang='lat' dir='ltr'><strong>tuo</strong></span> <span class='ocrx_word' id='word_1_14' title='bbox 456 999 569 1076; x_wconf 81' lang='lat' dir='ltr'><strong>perfusi</strong></span> <span class='ocrx_word' id='word_1_15' title='bbox 582 1000 701 1058; x_wconf 87' lang='lat' dir='ltr'><strong>flumine</strong></span> <span class='ocrx_word' id='word_1_16' title='bbox 716 1020 813 1074; x_wconf 89' lang='lat' dir='ltr'><strong>sacro,</strong></span> 
     </span>
     <span class='ocr_line' id='line_1_4' title="bbox 138 1090 885 1174; baseline 0.008 -25"><span class='ocrx_word' id='word_1_17' title='bbox 138 1090 291 1150; x_wconf 83' lang='lat' dir='ltr'><strong>Romanos</strong></span> <span class='ocrx_word' id='word_1_18' title='bbox 306 1090 344 1150; x_wconf 88' lang='lat' dir='ltr'><strong>ad</strong></span> <span class='ocrx_word' id='word_1_19' title='bbox 362 1092 471 1169; x_wconf 85' lang='lat' dir='ltr'><strong>templa</strong></span> <span class='ocrx_word' id='word_1_20' title='bbox 485 1090 574 1151; x_wconf 73' lang='lat' dir='ltr'><strong>defun</strong></span> <span class='ocrx_word' id='word_1_21' title='bbox 587 1092 699 1153; x_wconf 64' lang='lat' dir='ltr'><strong>duxere</strong></span> <span class='ocrx_word' id='word_1_22' title='bbox 713 1095 885 1174; x_wconf 88' lang='lat' dir='ltr'><strong>triumphos.</strong></span> 
     </span>
     <span class='ocr_line' id='line_1_5' title="bbox 138 1186 961 1266; baseline 0.01 -20"><span class='ocrx_word' id='word_1_23' title='bbox 138 1186 199 1246; x_wconf 88' lang='lat' dir='ltr'><strong>Hic</strong></span> <span class='ocrx_word' id='word_1_24' title='bbox 213 1208 267 1247; x_wconf 83' lang='lat' dir='ltr'><strong>ver</strong></span> <span class='ocrx_word' id='word_1_25' title='bbox 282 1188 445 1260; x_wconf 89' lang='lat' dir='ltr'><strong>assiduum,</strong></span> <span class='ocrx_word' id='word_1_26' title='bbox 462 1195 551 1265; x_wconf 90' lang='lat' dir='ltr'><strong>atque</strong></span> <span class='ocrx_word' id='word_1_27' title='bbox 566 1190 670 1248; x_wconf 90' lang='lat' dir='ltr'><strong>alienis</strong></span> <span class='ocrx_word' id='word_1_28' title='bbox 683 1192 835 1250; x_wconf 88' lang='lat' dir='ltr'><strong>mensibus</strong></span> <span class='ocrx_word' id='word_1_29' title='bbox 848 1200 938 1254; x_wconf 73' lang='lat' dir='ltr'><strong>astu</strong></span> <span class='ocrx_word' id='word_1_30' title='bbox 952 1213 961 1266; x_wconf 71' lang='grc' dir='ltr'><strong>ς</strong></span> 
     </span>
     <span class='ocr_line' id='line_1_6' title="bbox 137 1271 1203 1361; baseline 0.009 -20"><span class='ocrx_word' id='word_1_31' title='bbox 137 1276 187 1341; x_wconf 86' lang='lat' dir='ltr'><strong>Bis</strong></span> <span class='ocrx_word' id='word_1_32' title='bbox 200 1282 334 1361; x_wconf 82' lang='lat' dir='ltr'><strong>gravidae</strong></span> <span class='ocrx_word' id='word_1_33' title='bbox 348 1281 490 1359; x_wconf 90' lang='lat' dir='ltr'><strong>pecudes,</strong></span> <span class='ocrx_word' id='word_1_34' title='bbox 508 1282 552 1340; x_wconf 90' lang='lat' dir='ltr'><strong>bis</strong></span> <span class='ocrx_word' id='word_1_35' title='bbox 566 1282 660 1360; x_wconf 90' lang='lat' dir='ltr'><strong>pomis</strong></span> <span class='ocrx_word' id='word_1_36' title='bbox 674 1285 753 1342; x_wconf 91' lang='lat' dir='ltr'><strong>utilis</strong></span> <span class='ocrx_word' id='word_1_37' title='bbox 767 1288 865 1348; x_wconf 88' lang='lat' dir='ltr'><strong>arbor.</strong></span> <span class='ocrx_word' id='word_1_38' title='bbox 1069 1292 1124 1351; x_wconf 88' lang='grc'><strong>160</strong></span> <span class='ocrx_word' id='word_1_39' title='bbox 1200 1271 1203 1278; x_wconf 37' lang='lat'>¹</span> 
     </span>
     <span class='ocr_line' id='line_1_7' title="bbox 136 1376 815 1453; baseline 0.004 -18"><span class='ocrx_word' id='word_1_40' title='bbox 136 1377 176 1435; x_wconf 84' lang='lat' dir='ltr'><strong>At</strong></span> <span class='ocrx_word' id='word_1_41' title='bbox 190 1376 302 1435; x_wconf 89' lang='lat' dir='ltr'><strong>rabidae</strong></span> <span class='ocrx_word' id='word_1_42' title='bbox 316 1376 410 1453; x_wconf 78' lang='lat' dir='ltr'>tigres</span> <span class='ocrx_word' id='word_1_43' title='bbox 424 1377 542 1447; x_wconf 83' lang='lat' dir='ltr'><strong>absunt,</strong></span> <span class='ocrx_word' id='word_1_44' title='bbox 559 1385 587 1434; x_wconf 91' lang='lat' dir='ltr'><strong>et</strong></span> <span class='ocrx_word' id='word_1_45' title='bbox 602 1378 815 1438; x_wconf 76' lang='lat' dir='ltr'><strong>savaleonum</strong></span> 
     </span>
     <span class='ocr_line' id='line_1_8' title="bbox 138 1469 922 1551; baseline 0.009 -25"><span class='ocrx_word' id='word_1_46' title='bbox 138 1470 258 1527; x_wconf 77' lang='lat' dir='ltr'>Semina</span> <span class='ocrx_word' id='word_1_47' title='bbox 272 1489 280 1538; x_wconf 89' lang='grc'><strong>;</strong></span> <span class='ocrx_word' id='word_1_48' title='bbox 304 1488 360 1527; x_wconf 89' lang='lat' dir='ltr'><strong>nac</strong></span> <span class='ocrx_word' id='word_1_49' title='bbox 375 1469 499 1527; x_wconf 90' lang='lat' dir='ltr'><strong>miseros</strong></span> <span class='ocrx_word' id='word_1_50' title='bbox 512 1469 617 1527; x_wconf 83' lang='lat' dir='ltr'><strong>fallunt</strong></span> <span class='ocrx_word' id='word_1_51' title='bbox 631 1472 750 1528; x_wconf 86' lang='lat' dir='ltr'><strong>aconita</strong></span> <span class='ocrx_word' id='word_1_52' title='bbox 764 1473 899 1551; x_wconf 86' lang='lat' dir='ltr'><strong>legentes</strong></span> <span class='ocrx_word' id='word_1_53' title='bbox 914 1492 922 1544; x_wconf 76' lang='lat'>3</span> 
     </span>
     <span class='ocr_line' id='line_1_9' title="bbox 137 1563 992 1644; baseline 0.007 -22"><span class='ocrx_word' id='word_1_54' title='bbox 137 1563 165 1622; x_wconf 88' lang='lat' dir='ltr'>N</span> <span class='ocrx_word' id='word_1_55' title='bbox 168 1583 204 1621; x_wconf 90' lang='lat' dir='ltr'><strong>ec</strong></span> <span class='ocrx_word' id='word_1_56' title='bbox 218 1564 295 1641; x_wconf 91' lang='lat' dir='ltr'><strong>rapit</strong></span> <span class='ocrx_word' id='word_1_57' title='bbox 310 1564 468 1621; x_wconf 88' lang='lat' dir='ltr'><strong>immensos</strong></span> <span class='ocrx_word' id='word_1_58' title='bbox 482 1565 571 1622; x_wconf 85' lang='lat' dir='ltr'><strong>orbes</strong></span> <span class='ocrx_word' id='word_1_59' title='bbox 586 1583 638 1642; x_wconf 86' lang='lat' dir='ltr'><strong>per</strong></span> <span class='ocrx_word' id='word_1_60' title='bbox 652 1564 783 1638; x_wconf 88' lang='lat' dir='ltr'><strong>humum,</strong></span> <span class='ocrx_word' id='word_1_61' title='bbox 799 1587 896 1644; x_wconf 89' lang='lat' dir='ltr'><strong>neque</strong></span> <span class='ocrx_word' id='word_1_62' title='bbox 909 1575 992 1628; x_wconf 89' lang='lat' dir='ltr'><strong>tanto</strong></span> 
     </span>
     <span class='ocr_line' id='line_1_10' title="bbox 138 1657 891 1739; baseline 0.007 -25"><span class='ocrx_word' id='word_1_63' title='bbox 138 1658 305 1734; x_wconf 75' lang='lat' dir='ltr'><strong>Squameus</strong></span> <span class='ocrx_word' id='word_1_64' title='bbox 318 1657 349 1715; x_wconf 94' lang='lat' dir='ltr'><strong>in</strong></span> <span class='ocrx_word' id='word_1_65' title='bbox 363 1657 473 1734; x_wconf 80' lang='lat' dir='ltr'><strong>spiram</strong></span> <span class='ocrx_word' id='word_1_66' title='bbox 486 1664 584 1715; x_wconf 88' lang='lat' dir='ltr'><strong>tractu</strong></span> <span class='ocrx_word' id='word_1_67' title='bbox 599 1677 632 1715; x_wconf 87' lang='lat' dir='ltr'><strong>se</strong></span> <span class='ocrx_word' id='word_1_68' title='bbox 646 1660 759 1738; x_wconf 83' lang='lat' dir='ltr'><strong>colligit</strong></span> <span class='ocrx_word' id='word_1_69' title='bbox 775 1662 891 1739; x_wconf 91' lang='lat' dir='ltr'><strong>anguis.</strong></span> 
     </span>
     <span class='ocr_line' id='line_1_11' title="bbox 136 1749 1123 1829; baseline 0.008 -22"><span class='ocrx_word' id='word_1_70' title='bbox 136 1749 222 1808; x_wconf 85' lang='lat' dir='ltr'><strong>Adde</strong></span> <span class='ocrx_word' id='word_1_71' title='bbox 236 1758 278 1808; x_wconf 92' lang='lat' dir='ltr'><strong>tot</strong></span> <span class='ocrx_word' id='word_1_72' title='bbox 292 1750 432 1828; x_wconf 85' lang='lat' dir='ltr'><strong>egregias</strong></span> <span class='ocrx_word' id='word_1_73' title='bbox 447 1751 547 1820; x_wconf 86' lang='lat' dir='ltr'><strong>urbes,</strong></span> <span class='ocrx_word' id='word_1_74' title='bbox 564 1770 746 1829; x_wconf 87' lang='lat' dir='ltr'><strong>operumque</strong></span> <span class='ocrx_word' id='word_1_75' title='bbox 760 1754 902 1826; x_wconf 87' lang='lat' dir='ltr'><strong>laborem,</strong></span> <span class='ocrx_word' id='word_1_76' title='bbox 1040 1758 1044 1766; x_wconf 65' lang='lat'><strong>⁴</strong></span> <span class='ocrx_word' id='word_1_77' title='bbox 1066 1758 1123 1816; x_wconf 87' lang='grc'><strong>166</strong></span> 
     </span>
     <span class='ocr_line' id='line_1_12' title="bbox 139 1841 853 1922; baseline 0.003 -20"><span class='ocrx_word' id='word_1_78' title='bbox 139 1841 198 1902; x_wconf 82' lang='lat' dir='ltr'><strong>Tot</strong></span> <span class='ocrx_word' id='word_1_79' title='bbox 211 1853 353 1922; x_wconf 89' lang='lat' dir='ltr'><strong>congesta</strong></span> <span class='ocrx_word' id='word_1_80' title='bbox 367 1861 456 1901; x_wconf 89' lang='lat' dir='ltr'><strong>manu</strong></span> <span class='ocrx_word' id='word_1_81' title='bbox 472 1845 629 1921; x_wconf 80' lang='lat' dir='ltr'><strong>praeruptis</strong></span> <span class='ocrx_word' id='word_1_82' title='bbox 642 1846 750 1922; x_wconf 89' lang='lat' dir='ltr'><strong>oppida</strong></span> <span class='ocrx_word' id='word_1_83' title='bbox 763 1847 853 1918; x_wconf 81' lang='lat' dir='ltr'><strong>saxis,</strong></span> 
     </span>
     <span class='ocr_line' id='line_1_13' title="bbox 137 1936 862 2013; baseline 0.004 -18"><span class='ocrx_word' id='word_1_84' title='bbox 137 1936 334 2013; x_wconf 84' lang='lat' dir='ltr'><strong>Fluminaque</strong></span> <span class='ocrx_word' id='word_1_85' title='bbox 351 1937 488 2013; x_wconf 89' lang='lat' dir='ltr'><strong>antiquos</strong></span> <span class='ocrx_word' id='word_1_86' title='bbox 502 1938 736 1997; x_wconf 75' lang='lat' dir='ltr'><strong>subterlabentia</strong></span> <span class='ocrx_word' id='word_1_87' title='bbox 749 1958 862 1998; x_wconf 89' lang='lat' dir='ltr'><strong>muros.</strong></span> 
     </span>
     <span class='ocr_line' id='line_1_14' title="bbox 137 2028 1032 2109; baseline 0.003 -19"><span class='ocrx_word' id='word_1_88' title='bbox 137 2029 187 2090; x_wconf 82' lang='lat' dir='ltr'><strong>An</strong></span> <span class='ocrx_word' id='word_1_89' title='bbox 201 2049 281 2088; x_wconf 90' lang='lat' dir='ltr'><strong>mare</strong></span> <span class='ocrx_word' id='word_1_90' title='bbox 297 2030 375 2107; x_wconf 90' lang='lat' dir='ltr'><strong>quod</strong></span> <span class='ocrx_word' id='word_1_91' title='bbox 389 2028 477 2107; x_wconf 83' lang='lat' dir='ltr'><strong>suprd</strong></span> <span class='ocrx_word' id='word_1_92' title='bbox 491 2050 661 2103; x_wconf 81' lang='lat' dir='ltr'><strong>memorem,</strong></span> <span class='ocrx_word' id='word_1_93' title='bbox 678 2033 816 2109; x_wconf 89' lang='lat' dir='ltr'><strong>quodque</strong></span> <span class='ocrx_word' id='word_1_94' title='bbox 831 2033 914 2092; x_wconf 89' lang='lat' dir='ltr'><strong>alluit</strong></span> <span class='ocrx_word' id='word_1_95' title='bbox 927 2033 1006 2093; x_wconf 70' lang='lat' dir='ltr'><strong>infrb</strong></span> <span class='ocrx_word' id='word_1_96' title='bbox 1020 2034 1032 2092; x_wconf 82' lang='lat' dir='ltr'><strong>l</strong></span> 
     </span>
     <span class='ocr_line' id='line_1_15' title="bbox 137 2124 883 2205; baseline 0.003 -21"><span class='ocrx_word' id='word_1_97' title='bbox 137 2126 224 2184; x_wconf 79' lang='lat' dir='ltr'><strong>Anne</strong></span> <span class='ocrx_word' id='word_1_98' title='bbox 238 2126 322 2183; x_wconf 90' lang='lat' dir='ltr'><strong>lacus</strong></span> <span class='ocrx_word' id='word_1_99' title='bbox 335 2125 459 2183; x_wconf 87' lang='lat' dir='ltr'><strong>tantos?</strong></span> <span class='ocrx_word' id='word_1_100' title='bbox 481 2133 522 2196; x_wconf 89' lang='lat' dir='ltr'><strong>te,</strong></span> <span class='ocrx_word' id='word_1_101' title='bbox 537 2124 609 2183; x_wconf 90' lang='lat' dir='ltr'><strong>Lari</strong></span> <span class='ocrx_word' id='word_1_102' title='bbox 628 2128 766 2198; x_wconf 76' lang='lat' dir='ltr'><strong>maxime,</strong></span> <span class='ocrx_word' id='word_1_103' title='bbox 782 2137 883 2205; x_wconf 90' lang='lat' dir='ltr'><strong>teque,</strong></span> 
     </span>
     <span class='ocr_line' id='line_1_16' title="bbox 138 2217 1124 2297; baseline 0.005 -21"><span class='ocrx_word' id='word_1_104' title='bbox 138 2217 293 2277; x_wconf 77' lang='lat' dir='ltr'><strong>Fluctibus</strong></span> <span class='ocrx_word' id='word_1_105' title='bbox 307 2226 336 2275; x_wconf 91' lang='lat' dir='ltr'><strong>et</strong></span> <span class='ocrx_word' id='word_1_106' title='bbox 351 2217 467 2276; x_wconf 84' lang='lat' dir='ltr'><strong>fremitu</strong></span> <span class='ocrx_word' id='word_1_107' title='bbox 483 2238 655 2297; x_wconf 74' lang='lat' dir='ltr'><strong>assurgens,</strong></span> <span class='ocrx_word' id='word_1_108' title='bbox 671 2220 804 2291; x_wconf 87' lang='lat' dir='ltr'><strong>Benace,</strong></span> <span class='ocrx_word' id='word_1_109' title='bbox 821 2222 935 2280; x_wconf 84' lang='lat' dir='ltr'><strong>marino</strong></span> <span class='ocrx_word' id='word_1_110' title='bbox 951 2221 963 2278; x_wconf 79' lang='lat' dir='ltr'><strong>l</strong></span> <span class='ocrx_word' id='word_1_111' title='bbox 1068 2222 1124 2281; x_wconf 84' lang='grc'><strong>160</strong></span> 
     </span>
     <span class='ocr_line' id='line_1_17' title="bbox 138 2311 964 2388; baseline 0.005 -19"><span class='ocrx_word' id='word_1_112' title='bbox 138 2312 186 2370; x_wconf 79' lang='lat' dir='ltr'><strong>An</strong></span> <span class='ocrx_word' id='word_1_113' title='bbox 199 2330 358 2369; x_wconf 86' lang='lat' dir='ltr'><strong>memorem</strong></span> <span class='ocrx_word' id='word_1_114' title='bbox 373 2320 484 2388; x_wconf 89' lang='lat' dir='ltr'><strong>portus,</strong></span> <span class='ocrx_word' id='word_1_115' title='bbox 501 2311 694 2388; x_wconf 86' lang='lat' dir='ltr'><strong>Lucrinoque</strong></span> <span class='ocrx_word' id='word_1_116' title='bbox 709 2314 807 2372; x_wconf 85' lang='lat' dir='ltr'><strong>addita</strong></span> <span class='ocrx_word' id='word_1_117' title='bbox 822 2315 964 2386; x_wconf 87' lang='lat' dir='ltr'><strong>claustra,</strong></span> 
     </span>
     <span class='ocr_line' id='line_1_18' title="bbox 138 2404 885 2484; baseline 0.001 -20"><span class='ocrx_word' id='word_1_118' title='bbox 138 2404 238 2481; x_wconf 76' lang='lat' dir='ltr'><strong>Atque</strong></span> <span class='ocrx_word' id='word_1_119' title='bbox 253 2405 436 2483; x_wconf 88' lang='lat' dir='ltr'><strong>indignatum</strong></span> <span class='ocrx_word' id='word_1_120' title='bbox 451 2407 568 2482; x_wconf 88' lang='lat' dir='ltr'><strong>magnis</strong></span> <span class='ocrx_word' id='word_1_121' title='bbox 583 2406 758 2464; x_wconf 85' lang='lat' dir='ltr'><strong>stridoribus</strong></span> <span class='ocrx_word' id='word_1_122' title='bbox 773 2427 885 2484; x_wconf 79' lang='lat' dir='ltr'><strong>sequor,</strong></span> 
     </span>
     <span class='ocr_line' id='line_1_19' title="bbox 138 2497 817 2576; baseline 0 -19"><span class='ocrx_word' id='word_1_123' title='bbox 138 2497 219 2557; x_wconf 90' lang='lat' dir='ltr'><strong>Julia</strong></span> <span class='ocrx_word' id='word_1_124' title='bbox 234 2498 293 2574; x_wconf 73' lang='lat' dir='ltr'><strong>qud</strong></span> <span class='ocrx_word' id='word_1_125' title='bbox 306 2507 395 2576; x_wconf 90' lang='lat' dir='ltr'><strong>ponto</strong></span> <span class='ocrx_word' id='word_1_126' title='bbox 409 2498 498 2576; x_wconf 74' lang='lat' dir='ltr'><strong>louge</strong></span> <span class='ocrx_word' id='word_1_127' title='bbox 514 2507 599 2555; x_wconf 88' lang='lat' dir='ltr'><strong>sonat</strong></span> <span class='ocrx_word' id='word_1_128' title='bbox 614 2499 692 2556; x_wconf 88' lang='lat' dir='ltr'><strong>unda</strong></span> <span class='ocrx_word' id='word_1_129' title='bbox 706 2499 817 2571; x_wconf 84' lang='lat' dir='ltr'><strong>refuso,</strong></span> 
     </span>
     <span class='ocr_line' id='line_1_20' title="bbox 138 2590 926 2668; baseline 0.003 -20"><span class='ocrx_word' id='word_1_130' title='bbox 138 2590 372 2668; x_wconf 85' lang='lat' dir='ltr'><strong>Tyrrhenusque</strong></span> <span class='ocrx_word' id='word_1_131' title='bbox 388 2591 471 2649; x_wconf 82' lang='lat' dir='ltr'><strong>fretis</strong></span> <span class='ocrx_word' id='word_1_132' title='bbox 485 2591 649 2648; x_wconf 88' lang='lat' dir='ltr'><strong>immittitur</strong></span> <span class='ocrx_word' id='word_1_133' title='bbox 664 2601 754 2649; x_wconf 85' lang='lat' dir='ltr'><strong>aestus</strong></span> <span class='ocrx_word' id='word_1_134' title='bbox 768 2593 897 2650; x_wconf 81' lang='lat' dir='ltr'><strong>Auernis</strong></span> <span class='ocrx_word' id='word_1_135' title='bbox 914 2592 926 2650; x_wconf 68' lang='grc' dir='ltr'><strong><em>ἲ</em></strong></span> 
     </span>
     <span class='ocr_line' id='line_1_21' title="bbox 177 2683 1124 2762; baseline 0.004 -20"><span class='ocrx_word' id='word_1_136' title='bbox 177 2683 255 2742; x_wconf 84' lang='lat' dir='ltr'><strong>Haec</strong></span> <span class='ocrx_word' id='word_1_137' title='bbox 270 2685 372 2743; x_wconf 88' lang='lat' dir='ltr'><strong>eadem</strong></span> <span class='ocrx_word' id='word_1_138' title='bbox 387 2684 504 2762; x_wconf 85' lang='lat' dir='ltr'><strong>argenti</strong></span> <span class='ocrx_word' id='word_1_139' title='bbox 518 2684 599 2742; x_wconf 85' lang='lat' dir='ltr'><strong>rivos</strong></span> <span class='ocrx_word' id='word_1_140' title='bbox 613 2685 741 2760; x_wconf 75' lang='lat' dir='ltr'><strong>terisque</strong></span> <span class='ocrx_word' id='word_1_141' title='bbox 756 2686 876 2743; x_wconf 89' lang='lat' dir='ltr'><strong>metalla</strong></span> <span class='ocrx_word' id='word_1_142' title='bbox 1069 2688 1124 2746; x_wconf 88' lang='grc'><strong>166</strong></span> 
     </span>
     <span class='ocr_line' id='line_1_22' title="bbox 138 2777 826 2854; baseline 0.003 -18"><span class='ocrx_word' id='word_1_143' title='bbox 138 2777 275 2836; x_wconf 87' lang='lat' dir='ltr'><strong>Ostendit</strong></span> <span class='ocrx_word' id='word_1_144' title='bbox 289 2779 383 2849; x_wconf 81' lang='lat' dir='ltr'><strong>venis,</strong></span> <span class='ocrx_word' id='word_1_145' title='bbox 399 2786 488 2853; x_wconf 88' lang='lat' dir='ltr'><strong>atque</strong></span> <span class='ocrx_word' id='word_1_146' title='bbox 503 2797 578 2835; x_wconf 90' lang='lat' dir='ltr'><strong>auro</strong></span> <span class='ocrx_word' id='word_1_147' title='bbox 592 2778 718 2854; x_wconf 91' lang='lat' dir='ltr'><strong>plurima</strong></span> <span class='ocrx_word' id='word_1_148' title='bbox 734 2778 826 2838; x_wconf 87' lang='lat' dir='ltr'><strong>fluxit.</strong></span> 
     </span>
     <span class='ocr_line' id='line_1_23' title="bbox 139 2869 1040 2949; baseline 0.003 -20"><span class='ocrx_word' id='word_1_149' title='bbox 139 2870 217 2929; x_wconf 83' lang='lat' dir='ltr'><strong>Haec</strong></span> <span class='ocrx_word' id='word_1_150' title='bbox 231 2890 326 2949; x_wconf 91' lang='lat' dir='ltr'><strong>genus</strong></span> <span class='ocrx_word' id='word_1_151' title='bbox 346 2891 416 2928; x_wconf 86' lang='lat' dir='ltr'><strong>acre</strong></span> <span class='ocrx_word' id='word_1_152' title='bbox 431 2869 536 2941; x_wconf 78' lang='lat' dir='ltr'><strong>virrim,</strong></span> <span class='ocrx_word' id='word_1_153' title='bbox 554 2870 683 2942; x_wconf 86' lang='lat' dir='ltr'><strong>Marsos,</strong></span> <span class='ocrx_word' id='word_1_154' title='bbox 700 2874 867 2949; x_wconf 89' lang='lat' dir='ltr'><strong>pubemque</strong></span> <span class='ocrx_word' id='word_1_155' title='bbox 881 2873 1040 2947; x_wconf 88' lang='lat' dir='ltr'><strong>Sabellam,</strong></span> 
     </span>
     <span class='ocr_line' id='line_1_24' title="bbox 140 2964 968 3042; baseline 0.004 -20"><span class='ocrx_word' id='word_1_156' title='bbox 140 2965 359 3040; x_wconf 81' lang='lat' dir='ltr'><strong>Assuetumque</strong></span> <span class='ocrx_word' id='word_1_157' title='bbox 374 2964 450 3021; x_wconf 86' lang='lat' dir='ltr'><strong>malo</strong></span> <span class='ocrx_word' id='word_1_158' title='bbox 463 2964 618 3042; x_wconf 83' lang='lat' dir='ltr'><strong>Ligurem,</strong></span> <span class='ocrx_word' id='word_1_159' title='bbox 634 2964 822 3041; x_wconf 86' lang='lat' dir='ltr'><strong>Volscosque</strong></span> <span class='ocrx_word' id='word_1_160' title='bbox 837 2976 968 3039; x_wconf 84' lang='lat' dir='ltr'><strong>verutos,</strong></span> 
     </span>
     <span class='ocr_line' id='line_1_25' title="bbox 139 3057 1012 3135; baseline 0.006 -21"><span class='ocrx_word' id='word_1_161' title='bbox 139 3057 253 3115; x_wconf 84' lang='lat' dir='ltr'><strong>Extulit</strong></span> <span class='ocrx_word' id='word_1_162' title='bbox 268 3077 275 3126; x_wconf 90' lang='lat'>;</span> <span class='ocrx_word' id='word_1_163' title='bbox 299 3057 364 3115; x_wconf 85' lang='lat' dir='ltr'><strong>baec</strong></span> <span class='ocrx_word' id='word_1_164' title='bbox 378 3057 501 3127; x_wconf 89' lang='lat' dir='ltr'><strong>Decios,</strong></span> <span class='ocrx_word' id='word_1_165' title='bbox 517 3057 642 3129; x_wconf 88' lang='lat' dir='ltr'><strong>Marios,</strong></span> <span class='ocrx_word' id='word_1_166' title='bbox 659 3077 842 3135; x_wconf 88' lang='lat' dir='ltr'><strong>magnosque</strong></span> <span class='ocrx_word' id='word_1_167' title='bbox 857 3059 1012 3132; x_wconf 89' lang='lat' dir='ltr'><strong>Camillos,</strong></span> 
     </span>
     <span class='ocr_line' id='line_1_26' title="bbox 141 3150 1126 3228; baseline 0.004 -20"><span class='ocrx_word' id='word_1_168' title='bbox 141 3150 294 3228; x_wconf 89' lang='lat' dir='ltr'><strong>Scipiadas</strong></span> <span class='ocrx_word' id='word_1_169' title='bbox 309 3150 398 3208; x_wconf 88' lang='lat' dir='ltr'><strong>duros</strong></span> <span class='ocrx_word' id='word_1_170' title='bbox 413 3151 501 3221; x_wconf 93' lang='lat' dir='ltr'><strong>bello,</strong></span> <span class='ocrx_word' id='word_1_171' title='bbox 517 3159 546 3208; x_wconf 87' lang='lat' dir='ltr'><strong>et</strong></span> <span class='ocrx_word' id='word_1_172' title='bbox 560 3160 601 3222; x_wconf 87' lang='lat' dir='ltr'><strong>te,</strong></span> <span class='ocrx_word' id='word_1_173' title='bbox 618 3152 743 3208; x_wconf 78' lang='lat' dir='ltr'><strong>maxime</strong></span> <span class='ocrx_word' id='word_1_174' title='bbox 759 3151 876 3224; x_wconf 80' lang='lat' dir='ltr'><strong>Caesar,</strong></span> <span class='ocrx_word' id='word_1_175' title='bbox 1069 3154 1126 3212; x_wconf 84' lang='grc'><strong>170</strong></span> 
     </span>
     <span class='ocr_line' id='line_1_27' title="bbox 141 3242 849 3319; baseline 0.003 -18"><span class='ocrx_word' id='word_1_176' title='bbox 141 3242 200 3310; x_wconf 79' lang='lat' dir='ltr'><strong>Qui</strong></span> <span class='ocrx_word' id='word_1_177' title='bbox 215 3263 294 3302; x_wconf 91' lang='lat' dir='ltr'><strong>nunc</strong></span> <span class='ocrx_word' id='word_1_178' title='bbox 308 3244 448 3301; x_wconf 82' lang='lat' dir='ltr'><strong>extremis</strong></span> <span class='ocrx_word' id='word_1_179' title='bbox 463 3245 543 3302; x_wconf 81' lang='lat' dir='ltr'><strong>Asiae</strong></span> <span class='ocrx_word' id='word_1_180' title='bbox 560 3245 623 3319; x_wconf 89' lang='lat' dir='ltr'><strong>jam</strong></span> <span class='ocrx_word' id='word_1_181' title='bbox 638 3245 731 3302; x_wconf 87' lang='lat' dir='ltr'><strong>victor</strong></span> <span class='ocrx_word' id='word_1_182' title='bbox 745 3245 774 3302; x_wconf 90' lang='lat' dir='ltr'><strong>in</strong></span> <span class='ocrx_word' id='word_1_183' title='bbox 788 3246 849 3303; x_wconf 88' lang='lat' dir='ltr'><strong>oris</strong></span> 
     </span>
     <span class='ocr_line' id='line_1_28' title="bbox 142 3335 839 3395; baseline 0.003 -2"><span class='ocrx_word' id='word_1_184' title='bbox 142 3335 292 3394; x_wconf 89' lang='lat' dir='ltr'><strong>lmbellem</strong></span> <span class='ocrx_word' id='word_1_185' title='bbox 307 3337 416 3394; x_wconf 86' lang='lat' dir='ltr'><strong>avertis</strong></span> <span class='ocrx_word' id='word_1_186' title='bbox 431 3337 575 3394; x_wconf 85' lang='lat' dir='ltr'><strong>Romanis</strong></span> <span class='ocrx_word' id='word_1_187' title='bbox 590 3338 709 3395; x_wconf 90' lang='lat' dir='ltr'><strong>arcibus</strong></span> <span class='ocrx_word' id='word_1_188' title='bbox 725 3337 839 3395; x_wconf 93' lang='lat' dir='ltr'><strong>lndum.</strong></span> 
     </span>
     <span class='ocr_line' id='line_1_29' title="bbox 142 3429 901 3508; baseline 0 -22"><span class='ocrx_word' id='word_1_189' title='bbox 142 3429 240 3500; x_wconf 89' lang='lat' dir='ltr'><strong>Salve,</strong></span> <span class='ocrx_word' id='word_1_190' title='bbox 257 3449 367 3507; x_wconf 87' lang='lat' dir='ltr'><strong>magna</strong></span> <span class='ocrx_word' id='word_1_191' title='bbox 381 3446 489 3508; x_wconf 88' lang='lat' dir='ltr'><strong>parens</strong></span> <span class='ocrx_word' id='word_1_192' title='bbox 504 3430 632 3506; x_wconf 86' lang='lat' dir='ltr'><strong>frugum,</strong></span> <span class='ocrx_word' id='word_1_193' title='bbox 649 3431 789 3487; x_wconf 88' lang='lat' dir='ltr'><strong>Saturnia</strong></span> <span class='ocrx_word' id='word_1_194' title='bbox 802 3430 901 3500; x_wconf 88' lang='lat' dir='ltr'><strong>tellus,</strong></span> 
     </span>
     <span class='ocr_line' id='line_1_30' title="bbox 141 3520 911 3600; baseline -0.001 -21"><span class='ocrx_word' id='word_1_195' title='bbox 141 3520 254 3600; x_wconf 87' lang='lat' dir='ltr'><strong>Magna</strong></span> <span class='ocrx_word' id='word_1_196' title='bbox 268 3520 384 3580; x_wconf 80' lang='lat' dir='ltr'><strong>virdm:</strong></span> <span class='ocrx_word' id='word_1_197' title='bbox 407 3522 459 3579; x_wconf 91' lang='lat' dir='ltr'><strong>tibi</strong></span> <span class='ocrx_word' id='word_1_198' title='bbox 475 3541 525 3579; x_wconf 86' lang='lat' dir='ltr'><strong>res</strong></span> <span class='ocrx_word' id='word_1_199' title='bbox 540 3522 668 3596; x_wconf 76' lang='lat' dir='ltr'><strong>antiquar</strong></span> <span class='ocrx_word' id='word_1_200' title='bbox 684 3521 780 3578; x_wconf 86' lang='lat' dir='ltr'><strong>laudis</strong></span> <span class='ocrx_word' id='word_1_201' title='bbox 794 3529 823 3577; x_wconf 86' lang='lat' dir='ltr'><strong>et</strong></span> <span class='ocrx_word' id='word_1_202' title='bbox 839 3520 911 3579; x_wconf 87' lang='lat' dir='ltr'><strong>artis</strong></span> 
     </span>
     <span class='ocr_line' id='line_1_31' title="bbox 142 3611 1232 3692; baseline 0 -20"><span class='ocrx_word' id='word_1_203' title='bbox 142 3611 307 3692; x_wconf 90' lang='lat' dir='ltr'><strong>lugredior,</strong></span> <span class='ocrx_word' id='word_1_204' title='bbox 323 3624 443 3672; x_wconf 86' lang='lat' dir='ltr'><strong>sanctos</strong></span> <span class='ocrx_word' id='word_1_205' title='bbox 458 3633 549 3671; x_wconf 88' lang='lat' dir='ltr'><strong>ausus</strong></span> <span class='ocrx_word' id='word_1_206' title='bbox 564 3614 719 3671; x_wconf 87' lang='lat' dir='ltr'><strong>recludere</strong></span> <span class='ocrx_word' id='word_1_207' title='bbox 735 3613 854 3683; x_wconf 83' lang='lat' dir='ltr'><strong>fontes3</strong></span> <span class='ocrx_word' id='word_1_208' title='bbox 1072 3615 1127 3673; x_wconf 83' lang='grc'><strong>176</strong></span> <span class='ocrx_word' id='word_1_209' title='bbox 1224 3614 1232 3623; x_wconf 80' lang='grc'><em>”</em></span> 
     </span>
     <span class='ocr_line' id='line_1_32' title="bbox 142 3707 931 3784; baseline 0.003 -20"><span class='ocrx_word' id='word_1_210' title='bbox 142 3707 355 3783; x_wconf 67' lang='lat' dir='ltr'><strong>Ascraeumque</strong></span> <span class='ocrx_word' id='word_1_211' title='bbox 370 3727 447 3765; x_wconf 90' lang='lat' dir='ltr'><strong>cano</strong></span> <span class='ocrx_word' id='word_1_212' title='bbox 461 3707 600 3764; x_wconf 88' lang='lat' dir='ltr'><strong>Romana</strong></span> <span class='ocrx_word' id='word_1_213' title='bbox 615 3727 668 3783; x_wconf 89' lang='lat' dir='ltr'><strong>per</strong></span> <span class='ocrx_word' id='word_1_214' title='bbox 680 3707 788 3784; x_wconf 88' lang='lat' dir='ltr'><strong>oppida</strong></span> <span class='ocrx_word' id='word_1_215' title='bbox 801 3726 931 3767; x_wconf 88' lang='lat' dir='ltr'><strong>carmen.</strong></span> 
     </span>
     <span class='ocr_line' id='line_1_33' title="bbox 181 3801 1028 3879; baseline 0.001 -21"><span class='ocrx_word' id='word_1_216' title='bbox 181 3801 209 3858; x_wconf 90' lang='lat' dir='ltr'><strong>N</strong></span> <span class='ocrx_word' id='word_1_217' title='bbox 213 3820 270 3859; x_wconf 90' lang='lat' dir='ltr'><strong>uno</strong></span> <span class='ocrx_word' id='word_1_218' title='bbox 285 3801 368 3858; x_wconf 92' lang='lat' dir='ltr'><strong>locus</strong></span> <span class='ocrx_word' id='word_1_219' title='bbox 381 3820 519 3858; x_wconf 86' lang='lat' dir='ltr'><strong>arvorum</strong></span> <span class='ocrx_word' id='word_1_220' title='bbox 534 3802 681 3878; x_wconf 85' lang='lat' dir='ltr'><strong>ingeniis:</strong></span> <span class='ocrx_word' id='word_1_221' title='bbox 706 3820 771 3877; x_wconf 77' lang='lat' dir='ltr'><strong>quta</strong></span> <span class='ocrx_word' id='word_1_222' title='bbox 786 3802 895 3859; x_wconf 90' lang='lat' dir='ltr'><strong>robora</strong></span> <span class='ocrx_word' id='word_1_223' title='bbox 908 3801 1028 3879; x_wconf 84' lang='lat' dir='ltr'><strong>cuique,</strong></span> 
     </span>
     <span class='ocr_line' id='line_1_34' title="bbox 144 3892 889 3970; baseline 0.003 -19"><span class='ocrx_word' id='word_1_224' title='bbox 144 3892 219 3960; x_wconf 79' lang='lat' dir='ltr'><strong>Quis</strong></span> <span class='ocrx_word' id='word_1_225' title='bbox 233 3894 326 3965; x_wconf 86' lang='lat' dir='ltr'><strong>color,</strong></span> <span class='ocrx_word' id='word_1_226' title='bbox 343 3902 373 3951; x_wconf 90' lang='lat' dir='ltr'><strong>et</strong></span> <span class='ocrx_word' id='word_1_227' title='bbox 389 3914 453 3970; x_wconf 80' lang='lat' dir='ltr'><strong>quae</strong></span> <span class='ocrx_word' id='word_1_228' title='bbox 468 3895 505 3951; x_wconf 89' lang='lat' dir='ltr'><strong>sit</strong></span> <span class='ocrx_word' id='word_1_229' title='bbox 519 3897 609 3952; x_wconf 89' lang='lat' dir='ltr'><strong>rebus</strong></span> <span class='ocrx_word' id='word_1_230' title='bbox 625 3906 731 3951; x_wconf 91' lang='lat' dir='ltr'><strong>natura</strong></span> <span class='ocrx_word' id='word_1_231' title='bbox 752 3893 889 3953; x_wconf 87' lang='lat' dir='ltr'><strong>serendis.</strong></span> 
     </span>
     <span class='ocr_line' id='line_1_35' title="bbox 143 3984 858 4064; baseline -0.001 -20"><span class='ocrx_word' id='word_1_232' title='bbox 143 3984 290 4044; x_wconf 86' lang='lat' dir='ltr'><strong>Difficiles</strong></span> <span class='ocrx_word' id='word_1_233' title='bbox 305 3987 429 4064; x_wconf 83' lang='lat' dir='ltr'><strong>primirm</strong></span> <span class='ocrx_word' id='word_1_234' title='bbox 442 3996 541 4058; x_wconf 82' lang='lat' dir='ltr'><strong>terrae,</strong></span> <span class='ocrx_word' id='word_1_235' title='bbox 559 3988 710 4062; x_wconf 90' lang='lat' dir='ltr'><strong>collesque</strong></span> <span class='ocrx_word' id='word_1_236' title='bbox 726 3987 858 4062; x_wconf 88' lang='lat' dir='ltr'><strong>maligui,</strong></span> 
     </span>
     <span class='ocr_line' id='line_1_36' title="bbox 143 4079 1129 4157; baseline 0.002 -20"><span class='ocrx_word' id='word_1_237' title='bbox 143 4079 256 4138; x_wconf 88' lang='lat' dir='ltr'><strong>Tenuis</strong></span> <span class='ocrx_word' id='word_1_238' title='bbox 270 4080 321 4137; x_wconf 92' lang='lat' dir='ltr'><strong>ubi</strong></span> <span class='ocrx_word' id='word_1_239' title='bbox 335 4081 451 4157; x_wconf 85' lang='lat' dir='ltr'><strong>argilla,</strong></span> <span class='ocrx_word' id='word_1_240' title='bbox 468 4089 497 4138; x_wconf 91' lang='lat' dir='ltr'><strong>et</strong></span> <span class='ocrx_word' id='word_1_241' title='bbox 511 4081 640 4138; x_wconf 89' lang='lat' dir='ltr'><strong>dumosis</strong></span> <span class='ocrx_word' id='word_1_242' title='bbox 655 4080 789 4137; x_wconf 83' lang='lat' dir='ltr'><strong>calculus</strong></span> <span class='ocrx_word' id='word_1_243' title='bbox 803 4080 893 4151; x_wconf 84' lang='lat' dir='ltr'><strong>arvis,</strong></span> <span class='ocrx_word' id='word_1_244' title='bbox 1074 4080 1129 4140; x_wconf 84' lang='lat' dir='ltr'><strong>tao</strong></span> 
     </span>
     <span class='ocr_line' id='line_1_37' title="bbox 144 4171 750 4250; baseline 0 -20"><span class='ocrx_word' id='word_1_245' title='bbox 144 4171 281 4230; x_wconf 72' lang='lat' dir='ltr'><strong>Palladit</strong></span> <span class='ocrx_word' id='word_1_246' title='bbox 294 4174 424 4250; x_wconf 86' lang='lat' dir='ltr'><strong>gaudent</strong></span> <span class='ocrx_word' id='word_1_247' title='bbox 439 4173 516 4231; x_wconf 67' lang='lat' dir='ltr'><strong>silvi</strong></span> <span class='ocrx_word' id='word_1_248' title='bbox 530 4174 642 4231; x_wconf 86' lang='lat' dir='ltr'><strong>vivacis</strong></span> <span class='ocrx_word' id='word_1_249' title='bbox 655 4174 750 4230; x_wconf 79' lang='lat' dir='ltr'><strong>olivae.</strong></span> 
     </span>
     <span class='ocr_line' id='line_1_38' title="bbox 146 4265 949 4344; baseline 0.007 -21"><span class='ocrx_word' id='word_1_250' title='bbox 146 4265 258 4324; x_wconf 89' lang='lat' dir='ltr'><strong>lndicio</strong></span> <span class='ocrx_word' id='word_1_251' title='bbox 272 4275 328 4338; x_wconf 87' lang='lat' dir='ltr'><strong>est,</strong></span> <span class='ocrx_word' id='word_1_252' title='bbox 344 4275 441 4325; x_wconf 88' lang='lat' dir='ltr'><strong>tractu</strong></span> <span class='ocrx_word' id='word_1_253' title='bbox 457 4285 584 4344; x_wconf 88' lang='lat' dir='ltr'><strong>surgens</strong></span> <span class='ocrx_word' id='word_1_254' title='bbox 597 4267 727 4324; x_wconf 90' lang='lat' dir='ltr'><strong>oleaster</strong></span> <span class='ocrx_word' id='word_1_255' title='bbox 740 4265 846 4324; x_wconf 84' lang='lat' dir='ltr'><strong>eodem</strong></span> <span class='ocrx_word' id='word_1_256' title='bbox 943 4320 949 4329; x_wconf 87' lang='lat'><strong><em>.</em></strong></span> 
     </span>
     <span class='ocr_line' id='line_1_39' title="bbox 145 4358 851 4438; baseline 0.004 -22"><span class='ocrx_word' id='word_1_257' title='bbox 145 4358 305 4429; x_wconf 89' lang='lat' dir='ltr'><strong>Plurimus,</strong></span> <span class='ocrx_word' id='word_1_258' title='bbox 323 4368 352 4417; x_wconf 90' lang='lat' dir='ltr'><strong>et</strong></span> <span class='ocrx_word' id='word_1_259' title='bbox 366 4361 449 4418; x_wconf 87' lang='lat' dir='ltr'><strong>strati</strong></span> <span class='ocrx_word' id='word_1_260' title='bbox 466 4361 567 4417; x_wconf 89' lang='lat' dir='ltr'><strong>baccis</strong></span> <span class='ocrx_word' id='word_1_261' title='bbox 579 4361 763 4418; x_wconf 88' lang='lat' dir='ltr'><strong>silvestribus</strong></span> <span class='ocrx_word' id='word_1_262' title='bbox 776 4360 851 4438; x_wconf 91' lang='lat' dir='ltr'><strong>agri.</strong></span> 
     </span>
     <span class='ocr_line' id='line_1_40' title="bbox 145 4453 904 4531; baseline 0 -21"><span class='ocrx_word' id='word_1_263' title='bbox 145 4453 186 4510; x_wconf 82' lang='lat' dir='ltr'><strong>At</strong></span> <span class='ocrx_word' id='word_1_264' title='bbox 201 4472 266 4528; x_wconf 81' lang='lat' dir='ltr'><strong>qum</strong></span> <span class='ocrx_word' id='word_1_265' title='bbox 281 4453 400 4529; x_wconf 88' lang='lat' dir='ltr'><strong>pinguis</strong></span> <span class='ocrx_word' id='word_1_266' title='bbox 413 4455 529 4524; x_wconf 89' lang='lat' dir='ltr'><strong>humus,</strong></span> <span class='ocrx_word' id='word_1_267' title='bbox 546 4453 684 4528; x_wconf 87' lang='lat' dir='ltr'><strong>dulcique</strong></span> <span class='ocrx_word' id='word_1_268' title='bbox 699 4454 809 4531; x_wconf 89' lang='lat' dir='ltr'><strong>uligine</strong></span> <span class='ocrx_word' id='word_1_269' title='bbox 824 4454 904 4523; x_wconf 85' lang='lat' dir='ltr'><strong>loeta,</strong></span> 
     </span>
     <span class='ocr_line' id='line_1_41' title="bbox 146 4543 1130 4624; baseline -0.003 -20"><span class='ocrx_word' id='word_1_270' title='bbox 146 4543 266 4624; x_wconf 78' lang='lat' dir='ltr'><strong>Quique</strong></span> <span class='ocrx_word' id='word_1_271' title='bbox 281 4546 422 4622; x_wconf 87' lang='lat' dir='ltr'><strong>frequens</strong></span> <span class='ocrx_word' id='word_1_272' title='bbox 435 4548 535 4606; x_wconf 88' lang='lat' dir='ltr'><strong>herbis</strong></span> <span class='ocrx_word' id='word_1_273' title='bbox 549 4555 578 4605; x_wconf 90' lang='lat' dir='ltr'><strong>et</strong></span> <span class='ocrx_word' id='word_1_274' title='bbox 592 4547 697 4605; x_wconf 83' lang='lat' dir='ltr'><strong>fertilis</strong></span> <span class='ocrx_word' id='word_1_275' title='bbox 712 4550 803 4606; x_wconf 89' lang='lat' dir='ltr'><strong>ubere</strong></span> <span class='ocrx_word' id='word_1_276' title='bbox 816 4565 949 4623; x_wconf 91' lang='lat' dir='ltr'><strong>campus,</strong></span> <span class='ocrx_word' id='word_1_277' title='bbox 1030 4587 1033 4595; x_wconf 83' lang='grc'><em>.</em></span> <span class='ocrx_word' id='word_1_278' title='bbox 1075 4543 1130 4602; x_wconf 78' lang='grc'><strong>166</strong></span> 
     </span>
    </p>
   </div>
   <div class='ocr_carea' id='block_1_3' title="bbox 0 0 1364 5122">
    <p class='ocr_par' dir='ltr' id='par_1_3' title="bbox 0 0 1364 5122">
     <span class='ocr_line' id='line_1_42' title="bbox 0 0 1364 5122; baseline 0 0"><span class='ocrx_word' id='word_1_279' title='bbox 0 0 1364 5122; x_wconf 95' lang='lat' dir='ltr'><strong> </strong></span> 
     </span>
    </p>
   </div>
  </div>
 </body>
</html>
