2692 5122
183 378 242 444 ω
470 380 496 426 Ρ.
514 378 681 426 ἮΒΟῙΗῙ
702 374 875 427 aaronis

184 517 303 578 Limina
315 516 516 594 nequidquam
531 536 540 588 ς
562 525 610 576 ter
623 518 720 576 fessus
733 517 811 575 valle
825 513 945 574 resedit

186 612 290 670 Stabat
304 620 394 669 acuta
405 611 489 682 silex,
506 611 639 689 praecisis
654 610 782 686 undique
795 609 888 680 saxis,

185 705 342 783 Speluncae
356 704 445 762 dorso
459 705 628 782 insurgens,
644 703 787 779 altissima
799 703 876 772 visu,

184 796 328 856 Dirarum
341 797 417 856 nidis
430 797 536 855 domus
551 806 716 875 opportuna
728 797 889 854 volucrum.

184 889 287 962 Hanc,
302 899 332 948 ut
348 910 440 968 prona
453 891 529 968 jugo
543 891 650 949 laevum
664 890 853 948 incumbebat
867 886 905 945 ad
919 905 1047 962 amnem,

183 982 300 1042 Dexter
314 983 343 1042 in
358 983 516 1041 adversum
529 984 627 1041 nitens
640 981 800 1053 concussit,
817 990 847 1039 et
860 980 926 1039 imin

184 1077 328 1134 Avulsam
343 1077 430 1135 solvit
443 1077 595 1134 radicibus
609 1096 617 1146 ;
641 1076 709 1134 inde
722 1074 844 1152 repentd

185 1167 314 1246 Impulit,
331 1170 457 1247 impulsu
472 1189 531 1246 quo
544 1169 689 1228 maximus
704 1169 820 1226 innonat
834 1167 948 1225 aetber:

182 1258 352 1320 Dissultant
366 1263 449 1339 ripae,
465 1262 624 1338 refluitque
638 1262 798 1320 exterritus
812 1259 916 1318 amnis.

183 1356 224 1413 At
238 1375 346 1433 specus
359 1364 389 1413 et
403 1354 482 1415 Caci
495 1354 613 1414 detecta
627 1356 763 1432 apparuit
775 1355 882 1432 ingens

183 1447 294 1526 Regia,
311 1458 340 1507 et
355 1451 501 1508 umbrosa
516 1450 634 1526 penitus
648 1447 773 1527 patudre
787 1466 924 1506 caverna
940 1464 948 1504 τ

183 1541 212 1599 N
214 1561 252 1598 on
266 1541 355 1598 secus
369 1560 404 1599 ac
418 1542 444 1600 si
457 1540 519 1618 qud
532 1542 649 1619 penitlra
664 1543 692 1600 vi
704 1554 787 1600 terra
799 1541 957 1599 dehiscens

183 1632 320 1692 Infernas
333 1644 447 1692 reseret
462 1633 561 1706 sedes,
576 1644 606 1695 et
620 1654 715 1712 regua
728 1634 864 1692 recludet

182 1725 308 1798 Pallida,
324 1726 371 1785 dis
385 1727 489 1798 invisa,
506 1727 655 1805 superque
670 1729 795 1786 immane
809 1726 982 1786 barathrum

183 1818 346 1891 cernatur,
361 1820 509 1898 trepident
523 1821 652 1878 immisso
665 1821 775 1879 lumine
789 1820 907 1879 Manes.

182 1912 267 1990 Ergo
280 1912 433 1990 insperati
449 1913 627 1991 deprensum
640 1914 670 1972 in
684 1915 752 1972 luce
767 1912 901 1991 repente,

183 2004 393 2083 Inclusumque
409 2026 483 2064 cavo
496 2025 578 2078 saxo,
596 2015 686 2083 atque
700 2007 817 2064 insueta
830 2005 997 2077 rudentem,

183 2098 324 2177 Desuper
337 2098 459 2158 Alcides
472 2101 540 2159 telis
554 2101 669 2178 premit,
686 2101 843 2175 omniaque
859 2117 944 2157 arma

182 2191 331 2263 Advocat,
346 2199 375 2249 et
389 2193 479 2251 ramis
493 2195 645 2270 vastisque
659 2193 820 2251 molaribus
835 2193 934 2251 instat.
984 2244 990 2261 ,

182 2284 238 2341 Ille
253 2293 362 2356 autern,
380 2305 477 2362 neque
494 2287 572 2344 enim
586 2286 658 2364 suga
668 2287 730 2362 jam
744 2284 835 2363 super
849 2285 909 2342 ulla
922 2283 1037 2362 pericli,

182 2376 336 2435 Faucibus
350 2378 501 2455 ingentem
514 2379 636 2449 sumum,
653 2379 787 2437 mirabile
801 2378 893 2451 dictu,

181 2470 309 2541 Evomit,
326 2471 506 2546 involvitque
520 2471 638 2529 domum
652 2472 780 2549 caligine
795 2469 889 2542 caecd,

180 2562 376 2639 Prospectum
389 2564 519 2640 eripiens
532 2565 627 2622 oculis
640 2584 648 2633 ;
671 2566 875 2642 glomeratque
889 2564 944 2623 sub
958 2569 1046 2623 antro

180 2654 364 2712 Fumiseram
377 2664 505 2726 noctem,
522 2657 686 2715 commixtis
700 2657 769 2734 igne
784 2656 925 2715 tenebris.

180 2748 209 2806 N
211 2767 249 2804 on
263 2749 328 2805 tulit
342 2748 465 2806 Alcides
479 2750 603 2819 animis;
628 2770 721 2827 seque
736 2750 799 2827 ipse
814 2750 981 2827 perignem

179 2840 331 2919 Praecipiti
345 2843 448 2918 injecit
462 2844 550 2914 saltu,
568 2843 628 2920 qud
641 2846 784 2921 plurimus
799 2843 906 2901 undam

180 2934 295 2993 Fumus
309 2936 381 3013 agit,
398 2935 568 3013 nebulaque
583 2937 689 3014 ingena
702 2957 812 3015 specus
825 2941 932 2995 aestuat
946 2934 1023 2996 atria.

179 3027 242 3087 Hic
258 3029 375 3089 Cacum
388 3029 417 3087 in
431 3031 563 3088 tenebris
577 3031 715 3089 incendia
729 3050 807 3088 vana
821 3037 988 3088 vomentem

178 3121 309 3200 Corripit
324 3123 354 3180 in
367 3123 475 3181 nodum
492 3123 673 3200 complexus,
690 3132 719 3182 el
734 3123 815 3200 angit
830 3121 978 3180 inhaerens

177 3213 278 3272 Elisos
293 3216 405 3285 oculos,
423 3225 452 3273 et
466 3216 581 3274 siccum
594 3217 740 3294 sanguine
754 3225 864 3294 guttur.

177 3305 322 3364 Panditur
336 3308 482 3384 extemplo
497 3308 609 3366 foribus
623 3310 727 3368 domus
742 3319 807 3367 atra
819 3306 967 3377 revulsis3

177 3399 406 3476 Abstractaeque
422 3402 514 3458 boves
528 3401 731 3479 abjurataeque
746 3402 857 3478 rapinae

178 3492 266 3550 Coelo
281 3493 496 3562 ostenduntur3
521 3494 703 3571 pedibusque
719 3496 842 3553 informe
857 3493 988 3553 cadaver

176 3584 372 3643 Protrahitur.
415 3587 577 3662 Nequeunt
592 3589 702 3664 expleri
719 3588 810 3646 corda
821 3586 932 3644 tuendo

176 3679 341 3739 Terribiles
355 3682 469 3753 oculos,
486 3682 607 3752 vultum,
624 3684 787 3760 villosaque
802 3684 875 3741 actis

175 3771 304 3831 Pectora
317 3775 457 3845 semiferi,
474 3783 563 3851 atque
578 3777 739 3835 exstinctos
754 3777 891 3834 saucibus
905 3776 1000 3854 ignes.

176 3863 224 3921 Ex
238 3864 287 3921 illo
303 3866 475 3924 celebratus
490 3866 594 3938 bonos,
609 3867 729 3944 loetique
743 3870 873 3927 minores

177 3954 341 4014 servavere
356 3957 455 4027 diem;
480 3960 650 4037 primusque
665 3962 791 4020 Potitius
805 3971 921 4034 auctor,

175 4048 216 4106 Et
231 4047 334 4106 domus
349 4049 497 4110 Herculei
511 4064 612 4113 custos
625 4056 748 4114 Pinaria
762 4057 843 4114 sacri

176 4140 267 4200 Hanc
281 4161 364 4201 aram
378 4144 446 4203 luco
460 4148 571 4219 statuit,
589 4169 654 4225 qum
668 4149 801 4207 Maxima
815 4165 934 4224 semper
