2692 5122
498 806 673 856 mertuos
692 811 761 858 Llll.
775 810 840 859 ¹11.

175 947 223 1010 Illi
236 949 372 1008 membra
385 967 479 1006 novus
493 949 580 1007 solvit
595 950 750 1009 formidine
762 960 876 1029 torpor,

173 1044 373 1119 Arrectaeque
387 1043 511 1100 horrore
525 1063 630 1112 comm,
645 1056 675 1102 et
690 1065 745 1103 vox
760 1045 897 1104 faucibus
911 1045 1007 1104 haesit.

174 1138 228 1210 At,
244 1138 348 1215 procul
364 1145 395 1195 ut
408 1137 494 1195 Dirae
509 1138 666 1197 stridorem
681 1140 802 1218 agnovit
816 1148 845 1198 et
859 1140 935 1212 clas,

175 1230 283 1293 Infelix
297 1232 398 1290 crines
412 1232 519 1289 scindit
532 1233 553 1290 J
556 1241 664 1292 uturna
678 1236 802 1306 solutos,

174 1326 334 1405 Unguibus
348 1345 402 1383 ora
416 1345 501 1383 soror
515 1327 643 1399 soedans,
659 1337 689 1386 et
705 1338 828 1406 pectora
843 1329 960 1408 pugnis.

177 1419 258 1489 Quid
273 1439 354 1478 nunc
367 1428 398 1478 te
411 1429 474 1490 tua,
489 1420 605 1493 Turne,
622 1432 718 1500 potest
732 1442 874 1501 germana
884 1424 992 1499 juvare
1007 1422 1019 1479 l

175 1516 236 1575 Aut
252 1514 322 1592 quid
333 1515 395 1591 jam
410 1514 493 1573 duroe
507 1525 629 1593 superat
644 1519 714 1575 mihi
731 1518 742 1572 ?
765 1517 826 1594 qud
838 1519 893 1576 tibi
912 1519 1010 1575 lucem

175 1610 249 1668 Arte
264 1609 389 1666 morer?
409 1608 495 1666 talin'
510 1630 629 1688 possum
645 1631 692 1669 me
707 1630 857 1689 opponere
872 1619 1004 1669 monstro
1020 1610 1031 1666 t

174 1700 244 1762 Jem
254 1702 317 1778 jam
332 1702 434 1778 linquo
449 1703 541 1763 acies.
584 1706 632 1763 Ne
647 1725 694 1764 me
708 1715 821 1764 terrete
835 1707 998 1778 timentem,

175 1795 337 1855 Obscoenae
353 1797 492 1855 volucres
509 1818 516 1867 ;
541 1800 656 1857 alarum
670 1803 796 1860 verbera
811 1821 915 1874 nosco,

173 1888 372 1967 Letalemque
388 1911 515 1961 sonum3
542 1912 599 1951 nec
613 1895 718 1953 sellunt
731 1896 817 1970 jusse
831 1897 962 1973 superba

175 1984 363 2064 Magnanimi
376 1986 471 2044 Jovis.
516 1986 595 2045 Haec
610 2008 664 2065 pro
679 1990 850 2066 virginitate
865 1989 981 2066 reponit
997 1988 1009 2045 l

176 2078 246 2147 Quo
261 2081 352 2138 vitam
367 2079 446 2137 dedit
461 2090 604 2139 arternum
622 2082 632 2137 Ρ
655 2102 710 2140 cur
723 2084 826 2140 mortis
840 2082 979 2161 adempta
993 2091 1039 2141 cst

176 2169 318 2234 conditio
334 2174 344 2230 ?
367 2194 485 2252 possem
499 2184 599 2233 tantos
613 2177 699 2235 linire
713 2176 831 2235 dolores

176 2269 267 2330 Nun'c
281 2270 373 2342 certe,
391 2281 420 2328 et
435 2273 544 2330 misero
559 2273 643 2330 fratri
658 2293 758 2331 comes
773 2274 815 2331 ire
831 2293 883 2350 per
898 2275 1029 2331 umbras.

176 2363 355 2422 Immortalis
368 2385 425 2442 ego
439 2366 449 2420 ἓ
472 2376 523 2422 aut
538 2365 698 2442 quidquam
713 2367 783 2423 mihi
797 2366 884 2424 dulce
898 2384 1032 2424 meorum

174 2457 221 2517 Te
237 2458 313 2530 eine,
331 2460 434 2530 frater,
452 2459 533 2516 erit?
575 2459 603 2517 Ο
619 2480 684 2535 quae
700 2458 773 2517 satis
789 2461 849 2517 alte
863 2459 998 2517 dehiscat

174 2552 275 2612 Terra
289 2554 369 2624 mihi,
386 2554 555 2630 Manesque
571 2553 658 2611 deam
672 2554 806 2611 demittat
821 2552 858 2610 ad
874 2553 972 2611 imos?

175 2645 306 2706 Tantum
321 2649 422 2719 effata,
440 2658 534 2725 caput
544 2649 656 2726 glauco
670 2649 800 2706 contexit
815 2648 925 2706 amictu

175 2741 272 2801 Multa
287 2761 421 2819 gemens,
438 2751 467 2799 et
482 2761 515 2800 se
531 2743 622 2800 fluvio
636 2742 694 2800 dea
708 2741 838 2799 condidit
853 2743 923 2800 alto.

214 2836 336 2895 AEneas
351 2837 439 2893 instat
454 2838 570 2907 contre,
587 2837 740 2913 telumque
755 2844 894 2894 coruscet

176 2930 300 3010 Ingens,
318 2933 487 3002 arboreum,
504 2939 533 2987 et
548 2952 629 2989 saevo
644 2933 688 2988 sic
703 2943 824 3008 pectore
840 2930 938 2988 satur:

135 3016 136 3019 ¹
177 3025 255 3093 Quae
268 3044 347 3081 nunc
360 3023 465 3081 deinde
477 3044 560 3082 mora
572 3025 636 3082 est?
652 3035 702 3081 aut
714 3025 782 3101 quid
793 3025 867 3099 jam,
877 3024 993 3094 Turne,
1004 3021 1170 3082 retractae?

176 3118 245 3177 Non
260 3136 363 3189 cursu,
380 3119 468 3175 saevis
484 3119 660 3176 certandum
674 3129 718 3176 est
734 3119 899 3176 comminus
914 3118 1014 3176 armis.
1112 3118 1172 3176 890

177 3212 271 3270 Verte
286 3232 390 3270 omnes
403 3221 463 3269 tete
479 3213 508 3269 in
524 3214 628 3282 facies,
646 3222 674 3269 et
690 3213 833 3270 contrahe
850 3211 992 3288 quidquid

178 3307 247 3366 Sive
263 3307 379 3377 animis,
394 3308 456 3364 sive
472 3316 547 3376 arte,
564 3308 669 3374 vales;
694 3315 763 3382 opta
778 3305 872 3363 ardua
888 3305 993 3382 pennis

178 3401 272 3460 Astra
286 3401 383 3476 ecqui,
400 3402 596 3476 clausumque
612 3397 732 3456 cavelle
749 3399 878 3456 condere
892 3396 984 3455 terrai.

178 3495 243 3567 Ille,
262 3504 352 3572 caput
368 3513 535 3571 quassans:
561 3494 629 3552 Non
645 3512 690 3550 me
705 3501 757 3549 tua
772 3492 886 3550 fervida
899 3497 1014 3549 terrent

177 3588 280 3661 Dicta,
297 3591 403 3658 scrox;
428 3589 457 3645 di
472 3608 518 3645 me
533 3596 658 3657 terrent,
676 3596 704 3642 et
719 3587 837 3663 Jupiter
854 3585 957 3643 hostis.
1114 3584 1172 3642 896

178 3684 245 3743 Nec
261 3686 347 3761 plura
362 3684 482 3752 effatus,
499 3701 603 3738 sexum
618 3680 818 3757 circumspicit
833 3680 949 3756 ingens,

180 3779 290 3837 Saxum
307 3780 471 3854 antiquum,
489 3777 605 3852 ingens,
623 3794 730 3851 cumpo
745 3772 822 3850 quod
837 3773 912 3831 sorte
923 3771 1055 3849 jacebat,

179 3871 281 3931 Limes
297 3892 370 3949 agro
386 3872 510 3949 positus,
527 3871 608 3927 litem
623 3879 654 3926 ut
669 3868 853 3926 discerneret
868 3869 957 3926 arvis.

181 3965 238 4024 vix
254 3967 326 4024 illud
341 3966 410 4023 lecti
426 3966 471 4023 bis
486 3985 539 4022 sex
553 3964 673 4022 cervice
688 3963 832 4032 subirent,

181 4058 292 4128 Qualia
307 4080 386 4117 nunc
400 4061 551 4117 hominum
566 4058 700 4135 producit
716 4075 842 4133 corpore
857 4056 954 4115 tellus.
1113 4054 1173 4113 900

182 4153 238 4213 Ille
253 4173 343 4210 manu
359 4168 474 4229 raptum
488 4151 605 4229 trepidi
619 4151 776 4226 torquebat
792 4150 821 4207 in
835 4150 961 4222 hostem,

182 4249 280 4307 Altior
295 4248 465 4324 insurgens,
483 4257 512 4303 et
527 4266 618 4304 cursu
633 4246 778 4313 concitus,
794 4246 892 4304 heroe.

183 4343 241 4401 Sed
257 4361 354 4418 neque
370 4349 539 4398 currentem
555 4360 598 4411 se,
616 4359 672 4396 nec
687 4339 840 4416 cognoscit
856 4347 985 4410 cuntem,

181 4435 389 4494 Tollentemve
404 4455 504 4505 manu,
521 4453 684 4509 saxumque
700 4434 826 4490 immane
842 4441 1017 4491 moventem.

182 4528 293 4590 Genua
307 4531 409 4587 labant
424 4549 431 4598 ;
456 4529 572 4606 gelidus
588 4528 739 4585 concrevit
754 4527 865 4603 frigore
880 4525 1011 4602 sanguis.
1113 4523 1171 4581 90⁶

182 4624 261 4683 Tum
276 4625 352 4704 lapis
366 4625 429 4703 ipse
444 4623 510 4695 viri,
525 4642 653 4680 vecuum
667 4640 721 4699 per
735 4622 824 4678 inane
838 4620 966 4692 volutus,
