2692 5122
507 782 684 831 mulsos
703 783 772 831 Lus
787 784 834 833 xl.

106 909 112 915 ’
172 920 216 998 Et
229 919 304 979 socii
319 919 420 978 amissi
435 921 581 997 petierunt
596 923 710 980 {ethera
724 922 839 999 pennis,

175 1014 423 1090 Fluminibusque
438 1023 587 1092 vagantur
601 1035 673 1073 aves
689 1016 762 1092 (heu
777 1015 842 1073 dira
857 1032 991 1071 meorum

176 1107 328 1186 Supplicia
342 1107 366 1185 l)
389 1116 418 1164 et
434 1108 573 1183 scopulos
587 1109 762 1184 lacrymosis
777 1109 900 1165 vocibus
914 1105 1045 1184 implent.

175 1200 255 1261 Haec
270 1199 345 1258 aded
362 1220 399 1259 ex
413 1200 462 1259 illo
477 1201 547 1258 mihi
558 1201 620 1277 jam
635 1202 784 1278 speranda
799 1201 916 1259 fuerunt

176 1295 337 1373 Tempore,
355 1315 445 1371 quum
460 1295 537 1353 ferro
553 1297 690 1354 coelestia
704 1316 831 1374 corpora
848 1296 970 1353 demens

124 1390 129 1395 ’
176 1390 305 1468 Appetii,
322 1399 351 1447 et
366 1390 496 1448 Veneris
511 1391 618 1449 violavi
633 1392 756 1450 vulnere
772 1392 914 1450 dextram.

177 1483 223 1544 Ne
238 1482 322 1556 rard,
338 1504 376 1542 ne
392 1504 438 1542 me
454 1484 491 1542 ad
505 1485 582 1542 tales
596 1487 737 1563 impellite
753 1504 877 1563 pugnas.

177 1577 242 1637 Nec
257 1578 329 1636 mihi
344 1598 412 1637 cum
426 1580 557 1638 Teucris
571 1581 663 1639 ullum
679 1588 743 1657 post
759 1589 844 1637 eruta
859 1579 969 1637 bellum

176 1671 325 1751 Pergama
340 1691 347 1741 ;
371 1692 429 1730 neo
443 1682 577 1732 veterum
593 1675 712 1732 memini
726 1675 847 1732 laetorve
862 1672 1017 1730 malorum.

176 1765 315 1837 Munera,
333 1787 399 1843 quae
415 1767 518 1843 patriis
532 1769 570 1825 ad
584 1787 630 1825 me
647 1768 771 1845 portatis
784 1769 822 1824 ab
838 1766 909 1838 oris,

177 1857 294 1917 Vertite
309 1859 347 1916 ad
361 1860 495 1918 AEnean.
539 1862 680 1919 Stetimus
694 1862 755 1918 tela
769 1879 877 1937 aspera
890 1866 1006 1930 contra,

179 1952 425 2029 contulimusque
441 1973 566 2012 manus:
589 1963 711 2032 experto
726 1954 849 2024 credito,
868 1961 996 2029 quantus

179 2045 212 2104 In
226 2046 364 2124 clypeum
380 2057 529 2125 assurgat,
547 2068 605 2124 quo
619 2048 736 2105 turbine
750 2057 888 2124 torqueat
903 2047 1029 2104 hastam.

125 2157 129 2165 ·
178 2140 209 2200 Si
222 2139 282 2198 duo
297 2149 443 2218 praeterea
457 2142 533 2199 tales
548 2142 630 2200 Idaea
644 2142 760 2200 tulisset

177 2233 272 2292 Terra
286 2234 376 2305 viros,
393 2234 468 2292 ultro
483 2234 621 2292 Inachias
635 2235 765 2292 venisset
781 2235 819 2292 ad
833 2235 923 2293 urbes
1012 2271 1016 2279 ·

178 2327 350 2398 Dardanus,
364 2337 393 2385 et
409 2329 504 2386 versis
517 2329 636 2406 lugeret
650 2328 773 2387 Graecia
786 2329 863 2386 satis.

180 2420 332 2498 Quidquid
348 2422 425 2498 apud
440 2422 522 2480 durae
538 2431 687 2479 cessatum
702 2431 747 2479 est
763 2422 873 2479 moenia
886 2408 999 2496 Trdjae,

179 2513 322 2573 Hectoris
336 2516 507 2592 AEneaeque
522 2535 609 2573 manu
625 2515 751 2573 victoria
765 2511 892 2573 Grairim

179 2607 287 2680 Haesit,
304 2618 333 2666 et
349 2609 378 2666 in
392 2610 539 2667 decimum
555 2609 681 2686 vestigia
696 2608 796 2665 retulit
809 2626 929 2665 annum.

180 2702 275 2761 Ambo
291 2703 407 2772 animis,
424 2706 511 2760 ambo
526 2704 658 2781 insignes
674 2702 882 2780 praestantibus
897 2700 1008 2758 armis:

180 2794 239 2853 Hic
255 2796 364 2872 pietate
380 2797 468 2872 prior.
513 2796 630 2856 Codant
646 2797 675 2853 in
690 2795 805 2854 soedera
819 2795 941 2866 dextra,

181 2887 250 2956 Qus
264 2890 372 2947 datur:
397 2899 441 2949 ast
456 2891 545 2949 armis
559 2899 738 2948 concurrant
755 2909 849 2960 orma,
867 2897 982 2947 cavete.

104 2994 107 3000 '
180 2981 218 3039 Et
232 3002 377 3060 responsa
391 2984 477 3042 simul
493 3005 559 3061 quae
576 2985 644 3055 sint,
661 3004 713 3041 rex
727 2984 847 3061 optime,
865 2983 947 3061 regis

181 3075 308 3146 Audisti,
325 3086 354 3134 et
370 3097 436 3152 quae
451 3079 488 3136 sit
504 3098 611 3156 magno
625 3079 774 3136 sententia
789 3078 877 3136 bello.

217 3169 277 3227 Vix
292 3189 329 3227 ea
343 3170 434 3248 legati
448 3190 455 3240 ;
481 3172 640 3247 variusque
656 3192 776 3249 perora
791 3170 924 3229 cucurrit

183 3262 367 3323 Ausonidum
381 3267 500 3322 turbata
514 3267 622 3323 fremor
638 3285 644 3323 :
668 3286 724 3323 ceu
740 3284 812 3323 saxa
827 3272 981 3323 morantur

182 3357 282 3426 Quum
297 3359 414 3436 rapidos
429 3378 531 3417 amnes
547 3379 553 3428 ;
579 3359 609 3415 tit
624 3359 727 3417 clauso
741 3359 859 3436 gurgite
875 3377 1017 3430 murmur,

182 3451 357 3527 Vicinaeque
373 3453 499 3510 sremunt
515 3453 586 3529 ripae
602 3452 816 3529 crepitantibus
832 3450 928 3507 undis.

181 3544 218 3604 Ut
233 3547 357 3624 primum
373 3546 482 3622 placati
498 3545 598 3614 animi,
614 3553 643 3601 et
658 3543 774 3620 trepida
788 3562 841 3599 ora
857 3539 1008 3618 quidrunt,

181 3638 329 3698 Praefatus
344 3640 437 3709 divos,
455 3638 529 3695 solio
544 3657 598 3694 rex
613 3637 675 3694 infit
691 3638 728 3693 ab
744 3637 823 3693 alto:

218 3733 297 3791 Ante
313 3733 451 3809 equidem
465 3729 580 3789 summai
594 3731 630 3788 de
645 3750 677 3788 re
692 3729 843 3800 statuisse,
859 3728 970 3801 Latini,

181 3826 219 3886 Et
234 3829 352 3897 vellem,
370 3835 398 3883 ot
415 3826 510 3883 suerat
526 3824 652 3882 melius:
677 3844 735 3881 non
749 3831 882 3900 tempore
897 3824 950 3881 tali

183 3919 302 4000 Cogere
317 3920 485 3990 concilium,
503 3938 593 3994 quum
607 3939 708 3977 muros
723 3918 833 3975 assidet
848 3919 950 3978 hostis.

182 4011 297 4074 Bellum
312 4015 519 4092 importunum,
535 4013 628 4082 cives,
646 4031 714 4071 cum
732 4020 820 4089 gente
835 4011 958 4070 deorum
1112 4012 1172 4070 306

183 4106 364 4184 Invictisque
381 4107 450 4164 viris
465 4107 606 4184 gerimus,
625 4126 701 4182 quos
715 4106 796 4163 nulla
811 4105 934 4183 fatigant

182 4198 305 4271 Proelia,
321 4221 378 4259 neo
393 4201 462 4258 victi
479 4209 600 4277 possunt
615 4200 760 4257 absistere
776 4200 864 4258 ferro.

186 4295 285 4374 Spem,
301 4296 325 4353 si
342 4315 429 4371 quam
444 4294 565 4352 adscitis
578 4294 719 4353 AEtolirm
732 4294 876 4351 habuistis
891 4294 920 4352 iu
937 4293 1038 4367 ermis,

182 4385 301 4458 Ponite;
318 4408 387 4465 spes
399 4388 455 4445 sibi
466 4387 602 4463 quisque.
635 4388 694 4445 Sed
706 4389 780 4458 haec,
795 4388 884 4463 qudm
895 4396 1034 4467 angusta,
1044 4387 1150 4447 videtis
1162 4391 1170 4446 l

184 4480 305 4543 Cmtera
320 4480 381 4557 qud
395 4501 495 4539 rorum
505 4482 627 4557 jaceant
641 4481 780 4558 perculsa
793 4480 893 4552 ruind,
1112 4481 1173 4538 310

183 4576 259 4635 Ante
275 4575 380 4634 oculos
394 4575 530 4650 interque
545 4594 650 4634 manus
664 4584 733 4633 suut
747 4573 846 4632 omnia
858 4582 986 4634 vestras.

461 4670 500 4724 26
