2692 5122
1215 332 1221 363 l

489 783 715 833 ouosutcon
733 785 803 833 mn.
818 786 855 833 11.

175 926 243 988 Nec
257 923 343 984 casia
357 923 461 1000 liquidi
473 925 674 1002 corrumpitur
687 944 760 983 usus
774 924 843 983 olivi
857 943 864 982 ε

175 1022 215 1080 At
230 1038 339 1078 secura
354 1018 449 1095 quies,
465 1027 495 1076 et
508 1019 612 1077 nescia
625 1019 729 1077 fallere
745 1019 814 1090 vita,
837 1030 840 1035 '

176 1113 270 1172 Dives
284 1131 373 1190 opum
387 1112 538 1171 variarum
554 1131 562 1182 ;
586 1122 617 1171 at
631 1113 698 1170 latis
712 1113 774 1171 otia
787 1113 895 1185 fundis,

177 1207 345 1285 Spelunca,
361 1205 481 1282 rivique
495 1207 582 1264 lacus
596 1226 604 1276 ;
628 1216 659 1265 at
673 1206 781 1285 frigida
792 1206 918 1285 Tempe,

175 1299 371 1378 Mugitusque
386 1301 486 1371 boum,
501 1301 666 1377 mollesque
680 1303 735 1359 sub
750 1302 857 1359 arbore
872 1300 977 1375 somni,
1105 1304 1166 1362 4⁷0

176 1392 244 1453 Non
259 1396 368 1451 absunt
381 1413 389 1463 ;
413 1394 475 1452 illic
488 1395 583 1452 saltus
597 1413 633 1453 ac
647 1394 742 1452 lustra
755 1394 896 1467 serarum,

175 1486 215 1545 Et
230 1487 346 1566 patiens
360 1506 482 1565 operum
497 1487 666 1566 exiguoque
682 1497 802 1546 assueta
819 1489 973 1565 juventus,

177 1581 272 1640 Sacra
284 1578 382 1652 deirm,
399 1581 554 1657 sanctique
570 1591 670 1658 patres
686 1600 692 1639 :
716 1590 849 1640 extrema
862 1601 917 1660 per
930 1581 997 1640 illos

175 1673 298 1733 Justitia
311 1674 461 1734 excedens
474 1674 563 1733 terris
577 1675 703 1753 vestigia
717 1674 797 1734 lecit.

214 1768 267 1827 Me
281 1767 353 1827 verb
369 1769 493 1847 primum
508 1770 611 1828 dulces
626 1779 694 1828 ante
709 1769 809 1827 omnia
821 1767 930 1841 Musae,
1105 1767 1164 1828 476

178 1860 311 1930 Quarum
330 1881 419 1920 sacra
431 1863 495 1922 sero
509 1864 622 1941 ingenti
637 1882 799 1942 percussus
813 1881 924 1934 amore,

175 1955 333 2033 Accipiunt
350 1976 357 2026 ;
382 1957 511 2033 coelique
525 1956 589 2015 rias
604 1965 632 2015 et
647 1956 746 2015 sidera
763 1961 937 2028 monstrent,

176 2048 322 2107 Defectus
335 2050 407 2109 solis
420 2050 529 2122 varios,
544 2050 682 2127 lunaeque
697 2050 816 2108 labores
834 2068 843 2118 ;

177 2140 261 2201 Unde
275 2151 386 2203 tremor
399 2144 486 2202 terris
502 2162 510 2213 3
535 2142 595 2220 qual
609 2144 638 2201 ri
653 2144 748 2202 maria
762 2144 822 2202 alta
836 2152 1005 2203 tumescant
1058 2173 1062 2179 ·

176 2233 331 2312 Objicibus
345 2238 449 2315 ruptis,
465 2256 629 2313 rursusqua
644 2237 673 2294 in
689 2256 721 2295 se
736 2238 801 2314 ipsa
814 2236 947 2295 residant
961 2254 969 2306 3
1104 2237 1164 2297 480

178 2327 257 2396 Quid
270 2331 384 2388 tautum
398 2349 512 2388 oceano
528 2339 686 2407 properent
700 2349 732 2388 se
746 2330 863 2408 tingere
878 2330 958 2387 soles

177 2421 315 2494 Hiberui,
332 2424 379 2481 vel
394 2443 461 2500 qum
475 2423 569 2481 tardis
583 2443 666 2481 mora
680 2424 817 2481 noctibus
831 2424 938 2483 obstet.

178 2515 238 2586 Sin,
255 2517 310 2574 has
323 2536 360 2574 ue
375 2516 486 2594 possim
500 2525 614 2574 uaturae
630 2515 776 2573 accedere
791 2525 902 2592 partes,

176 2607 316 2687 Frigidus
330 2610 477 2668 obstiterit
491 2610 604 2667 circum
619 2609 784 2687 praecordia
798 2596 941 2687 s'anguis3

177 2701 261 2762 Rura
274 2704 345 2761 mihi
358 2713 388 2762 et
402 2703 481 2782 rigui
495 2704 632 2780 placeant
647 2704 677 2762 in
692 2704 818 2762 vallibus
832 2722 933 2763 amnes
946 2722 955 2774 ς
1104 2705 1163 2764 tao

176 2795 315 2855 Flumina
328 2816 423 2855 amem
437 2797 587 2873 silvasque
601 2797 755 2875 inglorius.
798 2797 836 2868 O,
853 2797 903 2855 ubi
917 2797 1025 2876 campi,

178 2891 414 2969 Spercheosque,
431 2898 460 2950 et
475 2892 639 2969 virginibus
653 2892 801 2950 bacchata
814 2892 954 2951 Lacaenis

177 2984 315 3064 Taygeta
331 2990 337 3044 !
360 3006 388 3058 o,
405 2987 454 3063 qui
473 3005 520 3044 me
535 2986 642 3064 gelidis
655 2986 684 3044 in
699 2986 824 3045 vallibus
838 2986 939 3045 Haemi

178 3079 278 3150 Sistat,
295 3089 325 3137 et
339 3080 451 3157 ingenti
466 3099 614 3138 ramorum
629 3087 767 3157 protegat
780 3078 905 3139 umbra!

215 3173 313 3244 Felix,
331 3173 380 3249 qui
395 3174 487 3251 potuit
501 3192 601 3232 rerum
615 3192 799 3250 cognoscere
814 3193 933 3247 causas,
1103 3175 1163 3234 490

177 3267 276 3342 Atque
295 3275 390 3324 metus
404 3286 506 3325 omues
520 3276 549 3325 et
568 3266 750 3324 inexorabile
765 3266 857 3325 satum

179 3360 310 3437 Subjecit
326 3361 460 3438 pedibus,
477 3361 690 3436 strepitumque
704 3359 884 3417 Acherontis
899 3359 1003 3418 avari!

178 3452 359 3512 Fortunatus
373 3462 403 3511 et
417 3454 478 3525 ille,
493 3453 565 3510 deos
581 3452 630 3528 qui
645 3452 724 3509 novit
740 3461 886 3529 agrestes,

178 3545 331 3623 Panaque,
348 3547 559 3622 Silvanumque
574 3563 687 3614 senem,
703 3544 918 3621 Nymphasque
932 3546 1073 3604 sorores!

178 3639 264 3698 Illum
278 3659 336 3698 non
352 3639 451 3717 populi
466 3638 574 3709 fasces,
591 3657 649 3695 nou
665 3657 796 3715 purpura
809 3657 914 3716 regum
1103 3640 1162 3698 496

178 3732 286 3804 Flexit,
302 3742 332 3790 et
346 3733 450 3791 infidos
465 3733 583 3810 agitans
597 3730 745 3790 discordia
763 3731 881 3806 fratres,

176 3827 236 3886 Aut
252 3827 407 3903 conjurato
421 3826 606 3885 descendeus
621 3826 725 3884 Dacus
740 3827 777 3884 ab
792 3825 869 3885 Istro
883 3846 891 3897 ;

177 3920 245 3979 Non
259 3940 309 3978 res
323 3921 477 3990 Romanas,
495 3920 684 3997 perituraque
700 3939 795 3997 regna
810 3939 817 3977 ε
840 3939 938 3997 neque
952 3921 1002 3981 ille

176 4014 236 4072 Aut
251 4014 342 4072 doluit
356 4014 501 4072 miserans
516 4013 642 4090 inopem,
659 4022 710 4071 aut
724 4013 826 4071 invidit
840 4014 970 4075 habenti.

178 4106 262 4174 Quos
276 4107 351 4165 rami
366 4107 490 4178 fructus,
507 4126 581 4184 quos
595 4110 661 4185 ipsa
674 4107 805 4165 volentia
818 4127 890 4165 rura
1101 4109 1160 4170 500

179 4200 287 4278 Sponte
300 4199 397 4259 tulere
411 4200 477 4273 suis,
493 4202 623 4279 carpsit:
646 4221 702 4260 uec
718 4201 817 4259 ferrea
832 4201 913 4278 jura,

178 4292 378 4372 Insanamque
393 4296 497 4367 sorum,
515 4302 565 4353 aut
580 4296 679 4373 populi
693 4295 841 4354 tabularia
854 4294 934 4356 vidit.

216 4389 382 4447 Sollicitaut
396 4389 446 4448 alii
460 4389 550 4447 remis
564 4389 639 4447 sreta
653 4409 746 4460 caeca,
761 4398 910 4466 ruuntque
1019 4373 1023 4383 ’

177 4479 348 4555 Insertum,
366 4491 520 4561 penetrant
539 4484 625 4542 aulas
639 4491 668 4541 et
682 4483 783 4541 limina
795 4502 900 4560 regum
916 4501 923 4540 ε

176 4572 239 4635 Hic
252 4577 325 4656 petit
338 4577 462 4637 excidiis
474 4580 580 4638 urbem
592 4577 776 4654 miserosque
790 4576 932 4648 Penates,
1102 4573 1161 4633 606
