2692 5122
459 818 475 870 ί,
503 776 675 827 ENSIDOS
694 777 764 827 Lttt.
779 778 841 825 vlt.

179 912 254 975 ‘Ilum
267 921 352 973 satus
366 913 499 975 Anchisia
511 914 643 974 delectos
657 915 759 975 ordine
773 918 811 976 ab
824 916 903 976 omui

178 1008 308 1071 Centum
322 1017 457 1067 oratores
470 1018 599 1086 auguste
613 1008 651 1067 sd
665 1011 774 1069 moenia
787 1011 868 1088 regis

177 1101 225 1162 Ire
241 1103 339 1178 jubet,
356 1101 446 1159 ramis
460 1102 574 1160 velatos
586 1102 717 1160 Palladis
731 1122 833 1162 omnes
846 1122 855 1174 ς

176 1193 325 1272 Donaque
339 1195 416 1254 serre
431 1194 505 1266 viro,
521 1214 685 1272 pacemque
703 1215 865 1272 exposcere
880 1194 1015 1255 Teucris.
1100 1199 1155 1256 165

176 1287 268 1348 Haud
282 1307 387 1357 mora;
409 1287 548 1346 festinant
565 1288 653 1363 jussi,
669 1288 839 1364 rapidisque
853 1289 988 1349 seruntur

176 1383 327 1443 Passibus.
368 1383 437 1461 lpse
450 1384 553 1442 humili
567 1383 703 1461 designat
717 1385 826 1443 mmnia
840 1381 931 1455 sossi,

176 1477 357 1555 Moliturque
372 1481 467 1538 locum
481 1499 489 1549 ;
513 1480 682 1557 primasque
696 1480 726 1537 in
740 1479 837 1538 littore
849 1480 948 1552 sedes,

178 1569 353 1631 Castrorum
367 1573 396 1630 in
411 1592 532 1644 morem,
549 1573 645 1650 pinnis
659 1580 750 1648 atque
764 1591 876 1650 aggere
896 1572 998 1651 cingit.

176 1663 304 1742 Jamque
318 1667 375 1724 iter
388 1667 511 1737 emensi,
526 1675 625 1724 turres
638 1685 674 1725 so
688 1675 768 1724 tecta
781 1665 956 1725 Latinorum
1100 1667 1156 1725 100

176 1758 280 1817 Ardua
292 1761 458 1817 cernebant
473 1760 611 1835 juvenes,
627 1779 771 1835 muroque
789 1759 937 1818 subibant.

176 1851 253 1909 Ante
268 1853 373 1909 urbem
386 1853 471 1929 pueri
484 1860 513 1910 et
528 1853 667 1929 primaevo
680 1852 752 1910 flore
768 1852 910 1927 juventus

176 1942 364 2004 Exercentur
377 1946 473 2021 equis,
489 1945 688 2021 domitantque
703 1945 733 2002 in
747 1944 870 2022 pulvere
889 1962 1017 2015 currust

174 2038 235 2097 Aut
249 2058 337 2096 acres
351 2039 473 2097 tendunt
486 2058 586 2110 arcus,
602 2046 652 2096 aut
665 2039 745 2096 lenta
761 2038 881 2096 lacertis

176 2131 297 2210 Spicula
309 2141 515 2208 contorquent,
530 2151 679 2208 cursuque
693 2132 815 2209 ictuque
828 2131 999 2191 lacessunt:
1100 2130 1154 2190 166

177 2224 276 2293 Quum
291 2233 456 2303 praevectus
469 2244 548 2303 equo
562 2225 689 2303 longaevi
703 2226 784 2302 regis
798 2225 835 2283 ed
849 2243 938 2283 aures

176 2317 305 2378 Nuntius
319 2319 455 2397 ingentes
469 2317 572 2396 ignotd
585 2320 615 2376 in
628 2327 712 2376 veste
727 2325 858 2395 reportat

176 2411 341 2471 Advenisse
356 2413 444 2470 viros.
487 2411 542 2469 llle
556 2412 633 2469 intra
645 2420 726 2469 tecta
741 2411 842 2469 vocari

177 2502 316 2584 Imperat,
333 2514 361 2564 et
376 2505 452 2563 solio
465 2504 579 2562 medius
593 2503 727 2560 consedit
741 2503 829 2561 avito.

174 2596 302 2657 Tectum
317 2607 486 2676 augustum,
504 2597 620 2674 ingens,
637 2604 755 2654 centum
767 2594 892 2652 sublime
907 2593 1062 2667 columnis,
1100 2595 1156 2655 110

177 2689 257 2749 Urbe
272 2691 325 2750 suit
339 2689 465 2761 summi,
480 2690 641 2748 Laurentis
655 2689 740 2767 regie
751 2687 828 2759 Pici,

176 2783 368 2843 Horrendum
381 2786 464 2843 silvis
477 2798 506 2842 et
520 2785 664 2862 religione
679 2779 842 2861 persutdm.

176 2876 238 2935 Hic
252 2887 371 2954 sceptra
385 2878 535 2955 occipere,
550 2884 580 2934 et
595 2877 703 2953 primos
718 2875 853 2933 attollere
867 2874 977 2946 fasces,

176 2967 312 3047 Regibus
326 2989 412 3028 omen
426 2978 490 3028 erat
506 2988 513 3038 ;
537 2969 593 3026 hoc
607 2969 665 3027 illis
678 2969 763 3026 ouria
775 2967 915 3044 templum
928 2986 936 3037 ;

175 3059 234 3120 Hie
248 3063 344 3120 sacris
359 3063 445 3120 sedes
459 3062 554 3140 epulis
568 3080 575 3130 ;
598 3061 659 3131 bic,
674 3062 769 3119 ariete
787 3079 878 3131 caeso,
1100 3061 1154 3121 116

175 3153 332 3233 Perpetuis
345 3154 424 3212 soliti
438 3164 536 3231 patres
550 3154 704 3212 considere
720 3153 839 3213 mensis.

177 3247 256 3316 Quin
271 3249 360 3306 etiam
375 3256 507 3306 veterum
521 3249 634 3326 effigies
648 3267 685 3306 ex
699 3248 801 3305 ordine
816 3265 938 3306 avorum
975 3300 979 3308 ,

175 3340 308 3419 Antiqui
322 3361 338 3398 e
352 3341 453 3412 cedro,
470 3341 633 3417 Italusque,
650 3349 792 3418 paterque
807 3341 934 3398 Sabinus

176 3432 330 3505 Vitisstor,
346 3453 470 3493 cursam
482 3454 606 3492 servans
620 3437 675 3492 sub
689 3433 817 3510 imagine
832 3432 949 3504 falcem,

176 3527 382 3604 Saturnusque
395 3547 498 3598 senex,
513 3527 644 3604 anique
658 3526 792 3584 bifrontis
809 3526 918 3602 imago,
1100 3528 1155 3586 100

177 3619 332 3695 Vestibulo
346 3621 503 3679 adstabant
517 3639 525 3688 ;
549 3620 659 3695 aliique
673 3620 712 3676 ab
726 3618 840 3696 origine
854 3637 943 3696 reges

176 3711 346 3790 Martiaque
360 3717 398 3772 ob
413 3713 538 3791 patriam
557 3711 714 3790 pugnando
728 3712 852 3770 vulnera
866 3711 955 3789 passi.

176 3803 331 3884 Multaque
346 3816 491 3885 praeterea
504 3806 599 3865 sacris
613 3806 642 3864 in
657 3806 789 3882 postibus
803 3824 906 3875 erma;

177 3898 295 3978 Captivi
310 3901 436 3978 pendent
451 3920 567 3971 currus,
583 3918 743 3976 curvaeque
757 3919 890 3971 secures,

175 3989 214 4052 Et
228 3994 329 4052 cristae
345 3995 484 4070 capitum,
499 4003 529 4053 et
543 4002 693 4072 portarum
709 3993 841 4071 ingentis
854 3994 996 4066 claustra,
1098 3995 1153 4053 185

177 4086 367 4165 Spiculaque,
383 4087 550 4164 clypeique,
567 4096 729 4165 ereptaque
743 4096 841 4145 rostra
854 4088 973 4147 cerinis.

177 4176 256 4257 Ipse,
272 4181 420 4247 Quirinali
434 4181 516 4252 lituo,
533 4182 684 4258 parvique
698 4181 821 4240 sedebat

177 4272 353 4332 Succinctus
366 4273 482 4347 treberi,
497 4273 633 4351 lmvaique
648 4275 744 4333 ancile
758 4276 882 4353 gerebat

176 4364 275 4439 Picus,
293 4365 400 4444 equum
414 4368 539 4427 domitor
554 4388 561 4438 3
587 4388 673 4445 quem
687 4378 775 4446 capta
788 4370 925 4447 cupidine
940 4368 1049 4447 conjux

176 4460 279 4520 Aurei
292 4481 466 4540 percussum
480 4462 575 4542 virgi,
590 4482 769 4539 versumque
785 4465 917 4536 venenis,
1098 4463 1154 4522 190

176 4551 261 4615 Fecit
275 4575 362 4615 avem
375 4556 478 4630 Circe,
494 4559 660 4636 sparsitque
673 4557 822 4616 coloribus
836 4557 910 4617 alsa.
