2692 5122
516 827 688 876 nnnroos
708 830 777 878 ma.
791 832 822 878 x.
882 794 886 800 ⁵
1107 834 1167 892 ιω

177 966 255 1025 AEre
270 974 360 1043 caput
375 967 502 1044 fulgens,
518 967 671 1044 cristaque
686 969 817 1028 hirsutus
832 966 952 1045 equina.

179 1061 227 1118 Sic
240 1079 362 1118 cursum
377 1061 405 1118 in
419 1061 531 1118 medios
546 1062 668 1138 rapidus
683 1062 770 1121 dedit.
812 1063 938 1121 AEstuat
954 1061 1060 1139 ingens
1107 1063 1166 1122 ato

176 1151 243 1210 Uno
258 1154 287 1210 in
304 1153 393 1211 corde
409 1155 512 1231 pudor,
529 1156 679 1230 mixtoque
695 1156 810 1213 insania
825 1156 918 1226 luctu,

179 1245 232 1324 [Et
246 1247 347 1305 Furiis
362 1248 491 1324 agitatus
506 1268 598 1318 amor,
617 1255 645 1305 et
660 1248 915 1324 consciscimus]

178 1342 276 1416 Atque
291 1341 339 1398 hic
352 1342 475 1399 AEnean
491 1340 602 1418 magud
615 1350 661 1398 ter
677 1361 750 1399 voce
769 1342 895 1400 vocavit.

180 1431 293 1491 AEneas
309 1434 427 1510 agnovit
442 1435 530 1504 enim,
547 1435 692 1510 laetusque
708 1444 866 1512 precatur:

180 1528 227 1586 Sic
241 1527 333 1585 Pater
347 1528 396 1584 ille
411 1528 498 1586 desim
514 1528 614 1600 saciat,
631 1530 675 1586 sic
691 1530 768 1587 altus
782 1531 900 1607 Apollo,
1107 1529 1165 1586 eto

179 1617 307 1696 Incipias
322 1621 457 1677 conferre
471 1640 589 1679 manum
605 1625 611 1679 !

178 1712 306 1771 Tantum
320 1714 437 1784 effatus,
454 1723 483 1771 et
498 1715 607 1772 infesta
623 1716 700 1774 subit
715 1716 819 1773 obvius
834 1712 930 1772 hasta.

177 1805 231 1864 Ille
247 1814 364 1864 autem:
389 1808 470 1874 Quid
484 1827 541 1878 me,
559 1819 670 1886 erepto,
688 1809 860 1879 sevissime,
877 1814 958 1878 nato,

178 1897 313 1958 Terres?
335 1901 401 1958 haec
416 1902 464 1958 via
478 1902 542 1958 sola
556 1902 620 1972 suit,
638 1901 697 1977 qud
712 1903 835 1979 perdere
852 1920 963 1979 posses.

178 1992 241 2052 Nec
256 2001 380 2051 mortem
394 1994 558 2065 horremus,
576 2015 631 2053 nec
645 1994 744 2052 divum
760 1996 907 2071 parcimus
921 1994 983 2052 ulli.

176 2084 289 2145 Desine
306 2108 312 2144 :
333 2089 395 2163 jam
409 2089 495 2145 venio
509 2089 679 2159 moriturus,
696 2097 725 2146 et
739 2090 804 2146 haec
817 2088 871 2145 tibi
884 2095 969 2164 porto

177 2179 264 2239 Dona
278 2183 368 2258 priits,
409 2182 503 2252 Dixit,
519 2182 670 2258 telumque
686 2183 801 2239 intorsit
815 2182 844 2239 in
860 2181 996 2238 bostem:

179 2272 248 2331 lude
264 2274 344 2331 aliud
358 2274 552 2351 superatque
567 2276 646 2333 aliud
662 2277 795 2352 figitque,
812 2274 950 2347 volatque

176 2365 294 2445 Ingenti
308 2388 383 2444 gyro
397 2387 404 2436 ;
429 2369 481 2425 sed
496 2369 620 2425 sustinet
635 2388 746 2425 aureus
762 2368 858 2424 umbo.

177 2459 237 2518 Ter
251 2462 364 2517 circum
379 2461 544 2518 adstantem
557 2462 650 2518 laevos
664 2460 806 2536 equitavit
822 2459 851 2515 iu
866 2459 965 2527 orbes,

178 2551 252 2612 Tela
267 2574 353 2611 manu
365 2555 482 2628 jaciens
498 2573 505 2621 3
530 2563 576 2611 ter
589 2573 694 2610 secum
707 2553 818 2609 Trot'us
832 2552 921 2608 heros

178 2647 338 2706 Immunem
352 2661 445 2705 aerato
460 2648 629 2705 circumfert
644 2647 773 2724 tegmine
789 2647 902 2703 silvam.

178 2741 248 2800 Inde
263 2743 313 2799 ubi
328 2750 369 2798 tot
383 2742 509 2799 traxisse
524 2760 633 2811 moras,
649 2748 692 2796 tot
707 2738 822 2816 spicula
836 2738 926 2796 taedet

176 2834 306 2905 Vellere,
324 2843 353 2891 et
368 2844 492 2912 urgetur
506 2833 608 2911 pugna
621 2853 802 2911 congressus
818 2831 939 2908 iniquie3

176 2927 271 2985 Multa
285 2948 407 2985 movens
422 2929 529 2998 animo,
542 2929 605 3003 jam
619 2927 737 2984 tandem
753 2927 889 3002 erumpit,
905 2934 934 2983 et
949 2925 1026 2983 inter

176 3019 333 3079 Bellatoris
347 3022 416 3097 equi
430 3041 504 3078 cava
517 3031 651 3097 tempora
665 3021 784 3096 conjicit
799 3021 922 3077 hastam.

177 3114 264 3173 Tollit
279 3134 312 3172 se
327 3124 475 3172 arrectum
492 3115 671 3191 quadrupes,
688 3123 717 3171 et
732 3114 866 3171 calcibus
881 3132 972 3172 auras

176 3207 335 3278 Verberat,
352 3209 537 3284 effusumque
553 3209 682 3283 equitem
697 3207 788 3283 super
801 3207 864 3282 ipse
883 3215 1005 3265 secutus

177 3300 320 3378 Implicat,
338 3303 493 3377 ejectoque
509 3301 650 3357 incumbit
666 3319 795 3356 cernuus
810 3318 902 3357 armo.

214 3394 354 3453 Clamore
370 3395 529 3452 incendunt
544 3393 653 3450 coelum
666 3392 823 3465 Troesque
838 3390 1008 3466 Latinique.

176 3487 302 3545 Advolat
316 3488 445 3557 AEneas‚
463 3484 632 3563 vaginaque
647 3485 733 3559 eripit
748 3502 860 3552 ensem,

176 3580 215 3639 Et
229 3601 319 3657 super
333 3582 397 3637 hnc
412 3599 418 3635 :
442 3580 500 3637 Ubi
514 3598 593 3636 nunc
607 3577 778 3634 Mezentius
793 3595 874 3645 acer,
891 3584 920 3634 et
935 3576 986 3633 illa

176 3672 278 3730 Effera
294 3674 337 3730 vis
352 3673 440 3729 animi
458 3673 468 3726 ?
510 3671 626 3729 Contra
645 3670 832 3745 Tyrrhenus,
849 3677 880 3725 ut
895 3688 985 3727 auras

177 3767 347 3844 Suspiciens
361 3766 457 3822 hausit
472 3766 592 3834 coelum,
608 3772 796 3838 mentemque
811 3763 944 3839 recepit:

175 3858 281 3917 Hostis
296 3879 407 3929 amare,
424 3858 493 3934 quid
508 3858 679 3933 increpitas,
696 3866 878 3931 mortemque
893 3855 1015 3915 minaris
1031 3855 1042 3913 ἰ

175 3952 295 4011 Nullum
311 3954 340 4010 in
356 3953 437 4010 caede
453 3952 557 4009 nefas:
576 3970 632 4008 nec
647 3951 690 4008 sic
706 3951 742 4007 ad
759 3951 863 4027 proelia
877 3950 955 4021 veni,

175 4044 241 4104 Nec
256 4059 354 4103 tecum
369 4065 451 4103 meus
466 4045 530 4103 haec
547 4045 655 4122 pepigit
671 4045 740 4101 mihi
756 4043 871 4101 soedera
884 4044 1013 4102 Lausus.

174 4137 273 4196 Unum
287 4139 353 4209 hoc,
371 4159 433 4216 per,
449 4140 474 4197 si
490 4159 546 4214 qua
563 4149 608 4196 est
622 4138 708 4196 victis
722 4138 810 4195 venia
824 4138 968 4208 hostibus,
985 4155 1059 4206 oro;

176 4230 293 4309 Corpus
308 4234 396 4289 humo
411 4234 524 4309 patiare
538 4233 609 4309 tegi.
653 4233 721 4289 Scio
737 4233 846 4289 acerba
859 4249 992 4288 meorum

176 4323 380 4384 Circumstare
395 4326 462 4383 odia
477 4347 484 4396 ;
508 4328 597 4396 hunc,
614 4346 677 4396 oro,
695 4326 819 4383 defende
834 4326 974 4397 furorem,

173 4416 213 4476 Et
228 4438 274 4475 me
289 4429 457 4476 consortem
472 4421 533 4477 nati
547 4420 678 4477 concede
693 4421 840 4497 sepulcro.

174 4509 252 4570 Haec
267 4513 406 4587 loquitur,
420 4513 584 4589 juguloque
600 4513 678 4569 haud
694 4514 805 4570 inscius
820 4512 928 4589 accipit
943 4531 1055 4583 ensem,

174 4603 364 4682 Undaotique
379 4607 505 4664 animam
518 4607 653 4665 diffundit
667 4608 697 4665 in
711 4626 795 4665 arma
808 4626 926 4666 cruore.

507 4702 571 4756 25*
