2692 5122
500 731 675 783 AENEIDOS
694 734 765 781 LIII.
781 735 859 784 vm.

188 872 337 950 Populeas
350 872 428 931 inter
440 873 541 931 senior
553 891 586 932 se
601 875 736 933 attollere
751 869 871 932 frondes

189 966 287 1025 Visus.
330 967 410 1025 Eum
423 967 521 1025 tenuis
534 968 643 1045 glauco
657 968 776 1026 velabat
795 968 905 1026 amictu

189 1058 354 1132 Carbasus,
371 1069 400 1118 et
414 1061 514 1120 crines
528 1063 668 1119 umbrosa
681 1063 802 1138 tegebat
816 1060 938 1120 arundo.

188 1151 264 1213 Tum
278 1156 322 1214 sic
337 1155 433 1228 affari,
450 1163 479 1213 et
493 1174 582 1214 curas
596 1155 643 1212 his
656 1155 776 1212 demere
790 1154 878 1213 dictis
893 1175 900 1212 τ

224 1247 252 1306 O
266 1258 331 1306 sate
345 1255 435 1326 gente
448 1245 548 1320 deirm,
564 1248 726 1325 Trojanam
739 1269 777 1306 ex
790 1248 924 1307 hostibus
938 1249 1043 1309 urbem

190 1338 248 1413 Qui
260 1341 380 1418 revehis
394 1342 489 1412 nobis,
506 1349 679 1417 eternaque
692 1342 842 1420 Pergama
856 1360 971 1414 servas,

188 1433 367 1511 Exspectate
382 1435 445 1492 solo
459 1435 605 1493 Laurenti
620 1435 759 1511 arvisque
773 1435 900 1506 Latinis,

187 1525 248 1585 Hic
262 1527 316 1585 tibi
329 1539 413 1585 certa
426 1527 531 1587 domus
545 1547 552 1597 ;
576 1529 661 1600 certi,
678 1548 716 1586 ne
731 1528 853 1599 absiste,
869 1529 999 1588 Penates
1012 1547 1021 1602 ς

187 1618 252 1677 Neu
267 1621 338 1678 belli
351 1629 466 1678 terrere
481 1622 576 1680 minis.
610 1622 725 1681 Tumor
738 1621 832 1680 omnis
847 1630 876 1680 et
894 1622 947 1681 irre

187 1710 374 1773 Concessere
389 1711 487 1772 deirm.

186 1805 312 1883 Jamque
326 1807 389 1878 tibi,
405 1825 443 1864 ne
460 1826 537 1865 vana
551 1815 636 1884 putes
650 1807 717 1866 haec
731 1807 845 1886 fingere
864 1826 1008 1880 somnum,

186 1898 324 1958 Littoreis
339 1901 445 1978 ingens
458 1901 578 1958 inventa
592 1902 646 1958 snb
661 1901 779 1959 ilicibus
796 1919 858 1973 sus,

186 1992 322 2071 Triginta
335 1993 463 2070 capitum
478 1993 567 2051 soetus
581 1993 678 2064 enixa,
690 1994 814 2069 jacebit,

184 2086 271 2157 Alba,
288 2087 353 2144 solo
367 2089 525 2157 recubans,
542 2087 600 2144 albi
615 2087 727 2145 circum
742 2089 836 2145 ubera
848 2086 919 2146 nati.

187 2178 260 2256 [Hic
274 2181 359 2237 locus
374 2180 455 2238 urbis
468 2180 534 2251 erit,
551 2181 671 2256 requies
685 2199 723 2237 ea
737 2189 820 2238 certa
834 2182 970 2240 laborum
982 2179 1006 2260 t]

185 2272 229 2330 Ex
245 2292 304 2349 quo
317 2284 363 2330 ter
377 2273 461 2330 denis
475 2275 579 2331 urbem
592 2273 784 2330 redeuntibus
799 2273 883 2330 annis

184 2367 331 2424 Ascanius
345 2367 419 2424 clari
433 2366 539 2423 condet
554 2365 738 2442 cognominis
751 2366 868 2423 Albam.

184 2459 273 2517 Haud
288 2459 403 2517 incerta
418 2478 502 2517 cano.
546 2459 574 2516 N
577 2477 635 2515 unc
651 2456 712 2533 qud
724 2458 851 2528 ratione,
869 2457 947 2533 quod
960 2457 1060 2532 instat,

182 2552 332 2630 Expedias
346 2553 451 2622 victor,
468 2551 581 2628 paucis,
598 2550 730 2621 adverte,
747 2550 870 2609 docebo.

184 2647 317 2705 Arcades
330 2646 376 2703 his
390 2646 460 2715 oris,
477 2663 573 2722 genus
587 2663 605 2701 a
618 2644 756 2702 Pallante
771 2644 944 2720 profectum,

184 2739 242 2806 Qui
256 2759 359 2817 regem
373 2738 546 2797 Evandrum
560 2738 694 2808 comites,
711 2737 761 2813 qui
775 2738 862 2815 signa
875 2737 981 2810 secuti,

182 2831 331 2909 Delegere
345 2833 452 2902 locum,
469 2838 497 2889 et
512 2829 639 2908 posnbre
653 2831 683 2888 in
698 2831 843 2888 montibus
858 2832 971 2903 urbem,

182 2924 323 2983 Pallantis
338 2926 439 3002 proavi
453 2925 489 2982 da
503 2925 620 2983 nomine
634 2924 829 2983 Pallanteum.

182 3016 221 3076 Hi
236 3019 347 3076 bellum
361 3018 479 3076 assidue
494 3019 605 3075 ducunt
618 3025 787 3095 cumgente
801 3015 913 3077 Latina
927 3036 935 3088 ;

182 3110 246 3169 Hos
260 3112 367 3169 castris
382 3112 487 3169 adhibe
502 3111 611 3182 socios,
629 3123 658 3168 et
673 3111 787 3170 soedera
798 3110 901 3189 junge.

182 3202 246 3280 lpse
261 3224 320 3282 ego
333 3213 362 3261 te
377 3204 448 3281 ripis
462 3212 491 3262 et
506 3213 589 3262 recto
603 3204 722 3261 flumine
736 3205 854 3272 ducam,

180 3297 346 3355 Adversum
357 3298 447 3355 remis
461 3317 585 3374 superes
599 3299 759 3355 subvectus
773 3305 804 3353 ut
819 3315 946 3357 amnem.

182 3391 286 3468 Surge,
303 3410 371 3468 age,
388 3399 456 3448 nate
471 3389 530 3448 ded
545 3410 553 3458 ;
576 3391 736 3466 primisque
751 3389 926 3447 cadentibus
941 3388 1040 3463 astris,

178 3482 289 3541 Junoni
303 3484 347 3541 ser
360 3484 415 3541 rite
431 3502 547 3560 preces,
563 3483 697 3556 iramque
713 3481 866 3556 minasque

181 3577 367 3653 Supplicibus
381 3595 491 3653 supera
504 3576 590 3633 votis.
632 3574 707 3630 Mihi
721 3575 816 3631 victor
829 3574 971 3634 bonorem

178 3668 344 3728 Persolves.
387 3670 455 3747 Ego
470 3688 544 3740 snm,
561 3669 648 3745 pleno
663 3686 750 3743 quem
765 3666 883 3724 flumine
902 3668 1001 3728 cernis

180 3763 375 3841 Stringentem
390 3763 480 3840 ripas,
498 3770 527 3820 et
541 3761 661 3839 pinguia
675 3761 756 3818 culta
770 3756 932 3833 secantem,

179 3854 335 3914 Caeruleus
348 3858 468 3933 Tybris,
485 3856 563 3914 coelo
577 3855 762 3933 gratissimus
779 3855 883 3912 amnis.

177 3946 238 4008 Hic
252 3950 323 4007 mihi
337 3968 445 4026 magna
460 3949 572 4019 domus,
589 3948 677 4006 celsis
691 3955 780 4024 caput
795 3949 916 4006 urbibus
930 3948 998 4009 exit.

212 4043 295 4100 Dixit
311 4062 318 4112 ;
342 4043 448 4104 deinde
461 4044 530 4100 lacu
545 4042 651 4100 fluvius
665 4061 697 4100 se
712 4041 841 4100 condidit
856 4042 926 4112 alto,

177 4133 239 4193 Ima
252 4146 365 4214 petens.
408 4139 436 4196 N
439 4157 476 4194 ox
489 4137 613 4194 AEnean
627 4154 806 4210 somnusque
821 4134 949 4211 reliquit.

177 4229 286 4308 Surgit,
303 4240 343 4301 et,
360 4231 473 4289 aetherii
486 4239 626 4307 spectans
640 4230 764 4287 orientia
779 4229 850 4286 solis

175 4321 312 4394 Lumina,
330 4324 385 4381 rite
400 4324 482 4381 cavis
496 4323 605 4380 undam
619 4323 655 4380 de
669 4323 788 4380 flumine
804 4321 909 4399 palmis

176 4417 309 4487 Sustulit,
326 4436 363 4474 ac
376 4416 452 4474 tales
465 4416 587 4474 effundit
602 4416 639 4473 ad
655 4417 766 4473 aethera
780 4436 869 4474 voces
883 4436 890 4473 :
1118 4416 1158 4473 70

175 4509 331 4587 Nympbae,
347 4510 515 4568 Laurentes
530 4511 558 4568 N
560 4510 686 4586 ymphae,
704 4529 799 4586 genus
813 4510 948 4566 amnibus
962 4506 1041 4568 unde
1055 4516 1110 4579 ast,

408 4606 473 4659 20*
911 4618 954 4657 m>
