2692 5122
179 371 218 426 ω
324 328 327 333 ’
478 368 683 417 armornm
702 370 871 422 unaoms

180 502 317 581 Carpere
331 524 398 564 mox
411 526 518 584 gyrum
534 508 666 586 incipiat,
682 510 884 588 gradibusque
899 529 1005 570 sonare

179 596 370 675 Compositis,
387 601 544 678 sinuetque
559 602 674 661 alterna
687 605 836 662 volumina
849 623 979 676 crurum,

180 691 283 767 Sitque
297 692 444 752 laboranti
462 695 565 753 similis
581 715 588 765 ;
612 704 675 754 tum
688 698 826 755 cursibus
840 716 939 769 auras,
1081 766 1086 773 ,

179 783 257 842 Τιιιιι
272 795 358 845 vocet
374 805 382 856 ;
406 806 442 845 ac
456 807 509 865 per
523 797 628 866 aperta
641 789 754 861 volans,
770 809 826 848 cen
841 791 916 849 liber
929 790 1064 864 habenis,

178 876 331 953 AEquora,
347 879 396 937 vix
414 880 529 939 summi
542 881 669 960 vestigia
682 891 771 960 ponat
785 881 890 941 areni.
1110 885 1165 943 195

180 969 288 1036 Qualis
301 956 510 1049 Hyperboreis
523 975 633 1050 Aquilo
647 994 737 1051 quum
750 975 861 1034 densus
875 977 913 1033 ab
927 974 988 1033 oris

179 1060 328 1135 incubuit,
345 1065 535 1142 Scythiaeque
549 1066 662 1125 hiemes
675 1077 765 1144 atque
780 1068 863 1126 arida
876 1068 974 1126 differt

179 1155 208 1214 N
211 1157 293 1215 ubila
305 1177 312 1214 :
334 1165 396 1216 tum
410 1168 531 1238 segetes
545 1161 612 1220 altae
626 1163 782 1239 campique
796 1170 934 1221 natantes

178 1248 312 1308 Lenibus
327 1250 504 1311 horrescunt
523 1253 635 1326 flabris,
652 1274 833 1330 summasque
848 1274 985 1314 sonorem

178 1341 260 1402 Dant
275 1345 368 1417 silvae,
385 1346 526 1425 longique
541 1357 649 1426 urgent
663 1349 699 1406 ad
715 1348 813 1406 littora
827 1348 935 1406 fluctus
951 1367 958 1405 τ
1104 1348 1164 1405 900

179 1435 234 1494 Ille
249 1438 338 1510 volat,
355 1439 441 1497 simul
457 1460 529 1498 arva
543 1440 625 1519 sugis,
642 1442 729 1500 simul
744 1461 866 1518 aequora
879 1461 1011 1501 verrens.

141 1543 144 1549 ’
217 1529 280 1588 Hic
295 1531 342 1589 vel
357 1532 394 1590 ad
411 1532 481 1592 Elei
498 1542 593 1591 metas
608 1542 637 1591 et
651 1535 780 1592 maxima
793 1534 890 1611 campi

179 1623 303 1681 Sudabit
317 1626 424 1703 spatia,
441 1633 470 1684 et
484 1645 604 1704 spumas
620 1635 754 1704 agatore
769 1635 909 1683 cruentas
924 1644 932 1695 ;
1033 1662 1035 1666 >

178 1714 304 1794 Belgica
319 1719 365 1775 vel
379 1718 459 1776 molli
473 1718 578 1776 melitis
592 1719 668 1776 seret
681 1718 788 1776 esseda
802 1718 889 1776 collo.

178 1809 257 1868 Tum
271 1811 388 1869 demum
402 1813 506 1870 crassi
520 1810 659 1890 magnum
674 1812 825 1890 farragine
839 1831 948 1888 corpus
1106 1813 1166 1875 905

180 1902 330 1963 Crescere
347 1906 411 1981 jam
424 1906 540 1965 domitis
554 1907 642 1964 sinito
657 1925 665 1976 ;
689 1925 818 1982 namque
833 1914 901 1963 ante
916 1904 1096 1964 domandum

180 1996 321 2077 Ingentes
335 2000 437 2057 tollent
452 2000 575 2071 animos,
592 2000 751 2078 prensique
766 2000 919 2075 negabunt

178 2091 316 2150 Verbera
329 2093 410 2151 lenta
424 2093 495 2171 pati,
512 2102 541 2152 et
556 2093 637 2151 duris
651 2111 758 2169 parere
777 2091 895 2168 lupatis.

219 2186 278 2244 Sed
292 2206 350 2244 non
365 2188 427 2245 ulla
440 2185 536 2265 magis
549 2187 628 2244 vires
643 2185 788 2244 industria
803 2185 910 2255 firmat,

179 2280 279 2347 Quum
292 2279 444 2337 Venerem
458 2288 488 2336 et
502 2279 577 2337 caeci
591 2278 724 2336 stimulos
738 2286 872 2335 avertere
888 2277 1007 2348 amoris,
1103 2277 1163 2334 910

180 2373 248 2430 Sive
262 2373 361 2442 boum,
378 2372 440 2428 sive
454 2378 499 2427 est
514 2370 562 2427 cui
576 2369 690 2447 gratior
704 2388 776 2426 usus
790 2387 944 2444 equorum.

178 2467 277 2541 Atque
293 2464 360 2521 ideo
374 2471 475 2520 tauros
489 2461 592 2538 procul
607 2469 696 2537 atque
711 2461 741 2518 in
755 2461 819 2518 sola
833 2462 968 2540 relegant

178 2559 309 2628 Pascua,
326 2564 391 2633 post
404 2562 532 2612 montem
547 2554 723 2631 oppositum,
740 2561 769 2610 et
783 2562 865 2612 trans
879 2555 1000 2613 flumina
1012 2555 1074 2613 lata
1087 2573 1096 2624 ;

178 2654 238 2710 Aut
252 2652 332 2709 intus
345 2651 464 2708 clausos
478 2656 583 2706 satura
596 2647 633 2705 ad
648 2647 793 2725 praesepia
807 2656 935 2707 servant.

179 2745 285 2822 Carpit
300 2743 379 2801 enim
392 2742 472 2799 vires
488 2742 629 2819 paulatim
644 2741 762 2815 uritque
777 2740 903 2798 videndo
1106 2744 1166 2800 916

177 2839 326 2910 Foeminn,
343 2856 398 2894 uec
413 2853 565 2894 nemorum
579 2834 689 2911 patitur
702 2833 870 2891 meminisse
885 2852 940 2892 nec
954 2834 1066 2894 herbae.

177 2934 326 2993 Dulcibus
340 2932 391 2990 illa
405 2929 524 3007 quidem
537 2927 687 2986 illecebris
701 2936 730 2984 et
745 2927 824 3004 saepe
839 2929 982 3005 superbos

179 3028 330 3089 Cornibus
343 3026 420 3084 inter
434 3042 467 3081 se
481 3023 592 3100 subigit
605 3021 770 3080 decernere
785 3029 928 3080 amantes.

177 3121 316 3181 Pascitur
329 3120 359 3177 in
373 3115 484 3196 magnii
497 3115 574 3174 silvi
587 3116 716 3174 formosa
733 3117 863 3191 juvenca
878 3133 885 3171 ε

179 3214 227 3272 llli
241 3214 422 3272 alternantes
435 3208 529 3269 multis
542 3210 571 3267 vi
585 3209 690 3286 proelin
705 3209 829 3266 miscent
1104 3210 1165 3268 990

177 3306 361 3363 Vulneribus
379 3304 495 3361 crebris
510 3321 518 3370 ;
542 3300 992 3379 lavitatercorporasungui13

178 3398 336 3474 Veranne
350 3397 379 3454 in
394 3394 518 3453 obnixos
532 3403 677 3470 urgentur
690 3412 803 3450 cornua
817 3402 900 3451 vasto

178 3490 256 3551 Cum
271 3490 381 3568 gemitu
397 3508 405 3558 ;
428 3488 553 3546 reboant
568 3487 710 3562 silvaque
725 3494 754 3543 et
768 3486 873 3564 longus
887 3487 1041 3566 Olympus.

177 3571 244 3642 Nec
258 3603 322 3641 mos
335 3582 479 3640 bellantes
493 3578 554 3639 unii
567 3580 718 3638 stabulare
732 3599 740 3649 3
764 3579 816 3636 sed
831 3580 908 3638 alter

177 3676 284 3734 Victus
299 3675 369 3745 abit,
385 3674 533 3753 longique
547 3673 655 3752 ignotis
670 3673 770 3731 exulat
784 3673 854 3744 oris,

176 3769 274 3827 Multa
287 3787 409 3846 gemens
423 3768 624 3846 ignominiam,
640 3767 805 3844 plagasque
819 3767 940 3844 superbi

176 3861 319 3932 Victoris,
335 3871 407 3933 turn,
424 3882 498 3938 quos
512 3861 609 3918 amisit
623 3861 743 3931 inultus,
761 3880 878 3918 amores
892 3879 899 3929 ;

175 3954 217 4013 Et
231 3955 349 4013 stabula
362 3956 538 4032 adspectans
552 3954 655 4033 regnis
668 3955 796 4011 excessit
811 3953 907 4013 avitis.

176 4048 260 4127 Ergo
274 4049 353 4107 omni
366 4047 441 4107 curri
454 4048 533 4106 vires
548 4055 680 4118 exercet,
696 4056 724 4104 et
739 4048 815 4105 inter

175 4142 263 4203 Dura
276 4143 358 4222 jacet
372 4161 483 4221 pernox
495 4142 619 4201 instrato
633 4160 707 4199 saxa
721 4140 822 4211 cubili,
