2692 5122
184 403 241 463 190
481 394 686 443 evremari
705 392 875 444 mironis

180 538 244 598 Hic
259 557 316 617 ego
331 556 458 612 namque
473 545 540 594 tuas
554 544 661 605 sortes,
680 554 849 611 arcanaque
871 535 932 592 sata

180 634 272 691 Dicta
293 650 366 688 mem
380 631 473 709 genti,
490 649 607 706 ponam,
624 628 778 705 lectosque
793 630 931 699 sacrabo,

180 729 278 799 Alma,
295 728 383 784 viros.
425 725 519 784 Foliis
533 725 648 783 tantum
668 743 705 782 ne
721 725 856 782 carmina
869 722 1001 792 manda3

180 821 228 880 Ne
243 823 363 879 turbata
378 819 476 877 volent
490 818 602 895 rapidis
621 818 750 876 ludibria
762 817 880 875 ventis:
1052 856 1056 863 -
1131 818 1172 877 'lb

181 915 252 993 Ipsa
265 935 368 984 canas,
383 933 443 972 oro.
486 913 593 970 Finem
608 913 686 969 dedit
701 931 753 970 ore
768 911 917 988 loquendi.

219 1009 270 1078 At,
285 1007 392 1065 Phoebi
411 1005 540 1063 noudum
555 1006 681 1081 patiens,
698 1005 834 1062 immanis
848 1006 877 1062 in
892 1012 979 1063 antro

179 1100 351 1160 Bacchatur
364 1107 459 1170 vates,
476 1117 614 1176 magnum
630 1099 655 1155 si
674 1107 795 1175 pectore
811 1098 901 1175 possit

180 1194 359 1254 Excussisse
375 1193 483 1250 deum:
506 1192 588 1251 tantb
604 1191 699 1270 magis
713 1193 763 1249 ille
777 1192 883 1269 fatigat

180 1287 227 1347 Ου’
238 1288 383 1357 rabidum,
400 1288 465 1344 sera
478 1286 569 1344 corda
583 1287 716 1356 domans,
734 1277 877 1364 fingitque
893 1286 1062 1363 premendo.

180 1381 266 1440 Ostia
282 1381 404 1457 jamque
419 1378 522 1437 domus
537 1379 660 1456 patuere
674 1380 807 1457 ingentia
821 1389 941 1438 centum

181 1476 292 1551 Sponte
306 1473 371 1544 suri,
389 1474 525 1549 vatisque
540 1473 637 1530 serunt
652 1491 797 1549 responsa
812 1492 864 1549 per
878 1492 968 1531 auras
983 1491 991 1530 τ

180 1567 339 1626 Otandem
357 1567 473 1642 magnis
488 1566 586 1643 pelagi
601 1566 741 1623 defuncte
756 1566 876 1643 periclis
893 1570 900 1624 t

181 1659 239 1718 Sed
254 1657 336 1716 terrai
350 1659 489 1735 graviora
503 1667 633 1717 manent.
676 1658 711 1716 In
726 1679 820 1737 regna
835 1659 945 1718 Lavini

179 1752 362 1811 Dardanidae
376 1751 496 1809 venient
510 1770 517 1820 ;
542 1753 623 1809 mitte
638 1752 716 1810 hanc
731 1753 767 1810 de
783 1762 904 1830 pectore
918 1771 1023 1812 curam
1038 1772 1046 1824 ;

180 1846 239 1904 Sed
253 1866 312 1904 uon
326 1853 355 1902 et
370 1845 487 1902 venisse
501 1846 610 1903 volent.
653 1845 750 1916 Bella,
767 1845 888 1903 horrida
901 1847 993 1918 bella,

180 1939 220 1999 Et
233 1938 359 2015 Tybrim
373 1938 466 1995 multo
480 1945 666 2014 spumantem
680 1940 826 2016 sanguine
841 1959 942 1999 cerno.

179 2034 249 2093 Non
266 2034 375 2091 Simois
389 2033 452 2103 tibi,
470 2052 527 2089 nec
541 2033 692 2104 Xanthus,
709 2052 764 2091 nec
778 2033 893 2092 Dorica
908 2042 1019 2106 castra,

179 2127 338 2186 Defuerint
356 2146 363 2183 τ
387 2128 464 2186 alius
477 2126 566 2184 Latio
582 2128 645 2203 jam
668 2135 770 2205 partus
783 2128 928 2199 Achilles,

179 2221 278 2280 Natus
293 2230 321 2278 et
336 2221 399 2298 ipse
414 2217 472 2277 det
487 2239 495 2287 ;
519 2238 575 2277 nec
589 2220 719 2278 Teucris
738 2220 838 2278 addita
850 2221 870 2279 J
874 2241 931 2279 uno

179 2312 312 2389 Usquam
327 2313 432 2370 aberit.
475 2310 576 2383 Quum
590 2321 622 2369 tn
637 2315 771 2390 supplex,
788 2314 818 2372 in
831 2317 922 2372 rebus
936 2314 1051 2393 egenis,

180 2406 266 2472 Quas
280 2414 385 2483 gentes
400 2402 518 2473 Itahim,
537 2413 586 2463 aut
602 2425 677 2480 quas
692 2427 750 2464 non
766 2407 899 2464 oraveris
913 2408 1004 2465 urbes
1020 2410 1028 2465 1

180 2499 284 2559 Causa
298 2499 366 2556 mali
381 2499 453 2555 tanti
471 2499 579 2572 conjux
593 2499 710 2571 iterum,
727 2501 844 2578 hospita
858 2500 997 2573 Teucris,

178 2592 364 2667 Externiqne
380 2591 487 2648 iterum
501 2592 631 2650 thalami.

178 2685 238 2755 Tu,
254 2704 291 2742 ne
306 2684 380 2741 cede
396 2685 481 2741 malis
498 2703 505 2751 ;
529 2684 581 2741 sed
596 2686 704 2743 contre
717 2686 874 2745 audentior
887 2688 938 2759 ito,

180 2776 252 2845 Qut
265 2786 317 2834 tua
331 2785 360 2833 te
373 2776 509 2834 Fortuna
524 2778 609 2835 sinet.
653 2778 713 2835 Via
728 2780 823 2855 prima
837 2780 953 2851 salutis,

180 2870 268 2937 Quod
283 2869 399 2927 minime
416 2870 501 2941 reris,
519 2869 616 2928 Graifi
631 2872 777 2947 pandetur
791 2874 828 2930 ab
844 2876 928 2932 urbe.

217 2964 343 3021 Talibus
358 2983 394 3021 ex
409 2963 499 3040 adyto
513 2964 600 3022 dictis
616 2963 741 3023 Cumaea
757 2967 869 3042 Sibylla

177 3057 354 3116 Horrendus
369 3058 449 3116 canit
470 3060 623 3137 ambages,
642 3070 786 3134 antroque
802 3060 939 3138 remugit,

177 3152 324 3211 Obscuris
339 3172 409 3210 vera
424 3154 576 3210 involvens
591 3173 597 3208 :
620 3173 658 3210 aa
673 3153 766 3211 fraena
780 3153 887 3210 furenti
1110 3152 1165 3212 100

178 3245 331 3316 Concutit,
348 3257 377 3303 et
392 3248 527 3304 stimulos
540 3248 595 3303 snb
611 3256 731 3322 pectore
747 3247 844 3316 vertit,
861 3246 979 3323 Apollo.

177 3338 217 3396 Ut
231 3339 357 3415 primiim
371 3340 461 3395 cessit
479 3340 570 3407 suror,
587 3347 616 3394 et
632 3340 735 3396 rabida
748 3359 802 3397 ora
817 3337 966 3414 quierunt,

178 3430 285 3508 Incipit
299 3432 418 3489 AEneas
435 3430 546 3486 heros:
569 3431 597 3488 N
600 3450 637 3487 on
653 3433 714 3489 ulla
727 3433 872 3502 laborum,

177 3525 205 3584 Ο
220 3525 314 3602 virgo,
330 3543 408 3581 nova
422 3521 462 3580 ml
477 3522 570 3580 socies
586 3524 741 3601 inopinave
756 3526 859 3603 surgit.

177 3618 285 3677 Omnia
300 3617 438 3695 praecepi,
457 3624 546 3692 atque
562 3618 660 3675 animo
676 3638 790 3676 mecum
806 3619 874 3676 ante
890 3618 1003 3698 peregi.
1110 3618 1166 3677 10⁶

176 3711 276 3769 Unum
289 3730 341 3768 oro
355 3729 362 3765 τ
386 3710 504 3785 quando
518 3709 568 3768 htc
587 3711 694 3768 inferni
710 3711 805 3786 janua
819 3713 900 3788 regis

176 3804 306 3873 Dicitur,
324 3812 353 3860 et
367 3804 527 3860 tenebrosa
542 3805 625 3881 palus
640 3805 812 3862 Acheronte
826 3804 938 3877 refuso,

178 3897 226 3956 Ire
242 3898 279 3954 ad
294 3905 486 3974 conspectum
502 3900 566 3955 ceri
580 3899 725 3975 genitoris
739 3907 769 3956 et
783 3919 837 3958 ora

177 3991 339 4068 Contingat
354 4009 362 4059 ;
386 3991 497 4048 doceas
512 3992 577 4063 iter,
594 4001 623 4049 et
638 4012 727 4049 sacra
740 3994 816 4051 ostia
831 3994 953 4070 pandus.

177 4082 263 4142 Illum
279 4103 336 4160 ego
352 4102 404 4159 per
419 4084 552 4142 flammas
567 4095 596 4143 et
611 4086 690 4142 mille
706 4087 862 4160 sequentia
875 4088 937 4145 tela
1111 4088 1166 4148 110

176 4177 282 4254 Eripui
293 4176 340 4234 his
354 4177 495 4250 humeris,
511 4179 668 4254 medioque
683 4197 720 4235 ex
735 4179 819 4236 hoste
835 4181 937 4257 recepi
952 4199 961 4251 ;
