2692 5122
191 364 252 424 20⁴
491 361 517 407 P.
532 361 695 409 VIRGILII
714 363 884 413 Mauortis

191 498 270 558 Haec
284 500 335 557 ubi
349 519 402 557 nos
417 509 567 578 praecepta
584 502 689 576 jubent
703 501 852 579 deponere
866 502 954 561 dona.

189 578 317 652 Dixerat
331 613 339 663 ;
362 603 392 651 et
407 595 526 671 pariter,
542 596 639 672 gressi
654 602 816 673 peropaca
832 596 958 666 viarum,

192 685 364 765 Corripiuut
378 688 505 765 spatium
520 689 658 759 medium,
674 689 846 764 foribusque
861 688 1066 766 propinquant.

190 778 327 856 Occupat
341 780 459 837 AEncas
474 781 594 852 aditum,
611 801 780 859 corpusque
793 781 908 841 recenti

191 874 309 951 Spargit
323 873 413 950 aqud,
430 893 604 950 ramumque
619 875 746 932 adverso
760 875 789 932 in
804 875 902 932 limine
917 873 990 952 figit.

228 966 289 1025 His
303 967 420 1024 demum
433 968 557 1038 exactis,
575 968 707 1044 perlecto
722 987 844 1026 munere
859 967 945 1039 dive,

188 1058 349 1119 Devendre
364 1061 446 1118 locos
460 1062 554 1132 laetos,
571 1069 600 1119 ct
615 1081 733 1120 amoeua
746 1062 840 1119 vireta

188 1152 420 1212 Fortunatorum
435 1173 598 1225 nemorum,
615 1154 761 1231 sedesque
776 1157 890 1214 beatas,

187 1243 318 1324 Largior
331 1246 381 1304 hic
395 1267 516 1324 campos
530 1249 624 1305 aether
637 1256 667 1304 et
681 1248 790 1305 lumine
805 1249 893 1306 vestit

187 1338 343 1416 Purpureo
357 1359 364 1409 ;
388 1342 541 1417 solemque
559 1360 655 1410 suum,
671 1360 726 1398 sua
740 1341 839 1398 sidera
852 1339 970 1400 udrunt.

186 1431 264 1489 Pars
278 1432 307 1490 iu
321 1433 482 1510 gramineis
496 1443 638 1492 exercent
653 1435 785 1492 membra
799 1435 955 1511 palaestris,

189 1522 379 1584 Contendunt
393 1528 473 1599 ludo,
489 1536 518 1585 et
533 1526 615 1585 fulvi
629 1529 778 1586 luctantur
791 1527 905 1598 arcnd;

187 1616 264 1677 Pars
278 1619 402 1696 pedibus
417 1621 559 1697 plaudunt
574 1622 711 1692 choreas,
728 1630 757 1679 et
771 1622 903 1680 carmina
917 1623 1029 1682 dicunt.

187 1710 255 1771 Nec
269 1733 327 1771 non
340 1715 502 1773 Threicius
517 1715 607 1793 longai
621 1735 688 1774 cum
703 1729 786 1774 veste
800 1717 942 1776 sacerdos

187 1805 368 1883 Obloquitur
380 1810 511 1867 numeris
525 1818 638 1887 septem
653 1810 824 1867 discrimina
837 1829 942 1868 vocum
956 1829 965 1868 ι

186 1899 315 1977 Jamque
330 1902 433 1960 eadam
447 1902 556 1980 digitis,
569 1903 631 1977 jam
647 1904 763 1980 pectine
778 1904 874 1979 pulsat
888 1905 1012 1963 eburno.

187 1991 252 2051 Hic
266 2013 362 2071 genus
376 1996 529 2072 antiquum
541 1996 665 2066 Teucri,
681 1996 879 2072 pulcherrima
893 1996 1002 2073 proles,

187 2083 372 2165 Magnanimi
385 2088 503 2163 heroc‘s,
518 2089 578 2146 nati
592 2089 763 2146 melioribus
777 2088 872 2160 annis,
910 2070 973 2177 -l
1076 2084 1079 2089 ’

186 2176 319 2255 llusque,
335 2181 577 2258 Assaracusque,
591 2191 621 2239 et
635 2182 735 2257 Trojae
748 2181 910 2239 Dardanus
924 2191 1038 2243 auctor.

184 2271 278 2329 Arma
292 2273 395 2350 procul
409 2293 576 2349 currusque
591 2271 685 2331 virium
699 2275 823 2332 miratur
836 2274 949 2335 inance.

185 2368 271 2425 Stant
284 2367 367 2426 terris
380 2369 484 2427 defixae
500 2369 605 2438 hastae,
622 2370 791 2446 passimque
805 2369 893 2427 soluti

183 2459 244 2517 Per
257 2481 379 2538 campos
393 2471 556 2537 pascuntur
569 2462 647 2538 equi.
691 2462 768 2529 Quae
784 2463 882 2539 gratia
896 2461 1016 2522 currtim

182 2553 400 2630 Armorumque
414 2554 467 2612 suit
482 2555 566 2624 vivis,
584 2574 649 2630 quae
665 2574 737 2612 cura
752 2556 879 2614 nitentes

182 2646 314 2704 Pascere
329 2666 433 2722 equos,
449 2647 553 2704 cadem
567 2649 701 2723 sequitur
716 2648 822 2706 tellure
837 2647 980 2727 repdstos.

183 2737 349 2816 Conspicit,
366 2759 449 2811 ecce,
466 2740 540 2797 alios
555 2738 809 2818 dextrdlaevitque
825 2761 878 2819 per
891 2742 1014 2801 herbam

67 2826 72 2849 ¹
181 2832 360 2906 Vescentcs,
376 2836 535 2912 laetumque
550 2837 640 2894 choro
654 2836 767 2895 Paeana
781 2845 933 2909 canentes,

182 2926 264 2985 Inter
277 2929 431 2987 odoratum
445 2929 521 2987 lauri
535 2949 650 3000 nemus,
667 2930 745 2987 unde
760 2930 888 3007 supemd

181 3022 329 3083 Plurimus
345 3025 469 3083 Eridani
484 3045 537 3102 per
551 3026 655 3083 silvam
669 3026 796 3083 volvitur
810 3026 912 3085 amnis.

181 3116 243 3176 Hic
257 3138 371 3190 manus,
388 3120 425 3176 ob
441 3120 564 3195 patriam
581 3119 739 3197 pugnando
753 3120 878 3176 vulnera
893 3120 983 3197 passi,

180 3210 300 3288 Quique
315 3213 487 3270 sacerdotes
501 3214 576 3270 casti
590 3213 659 3270 dum
674 3213 733 3270 vita
747 3214 896 3284 manebat,

179 3303 301 3380 Quique
316 3306 354 3382 pii
368 3314 462 3375 vates,
479 3314 509 3362 ct
522 3305 637 3363 Phoebo
651 3306 742 3382 digna
756 3305 857 3376 locuti,

178 3396 320 3455 Inventas
334 3407 385 3456 aut
400 3397 450 3472 qui
464 3397 553 3454 vitam
567 3397 725 3457 excoludre
741 3419 794 3476 per
808 3407 898 3470 artes,

179 3490 299 3568 Quique
314 3492 359 3549 sui
374 3509 519 3548 memores
534 3491 608 3548 alios
622 3490 722 3550 secdre
736 3492 897 3550 merendo:

177 3583 322 3643 Omnibus
337 3585 382 3641 his
396 3581 484 3641 nivei
498 3585 658 3662 cinguntur
672 3595 805 3662 tempora
818 3583 901 3645 vitta.

177 3677 263 3745 Quos
277 3677 472 3735 circumfusos
485 3677 529 3736 sic
544 3687 589 3736 est
604 3680 695 3737 affata
708 3680 821 3756 Sibylla
837 3698 845 3749 ;

176 3771 325 3830 Musaeum
339 3779 407 3828 unte
422 3791 524 3829 omnes
539 3792 547 3841 ;
572 3773 699 3830 medium
713 3792 781 3830 nam
797 3773 923 3849 plurima
937 3775 1029 3831 turba

176 3864 269 3923 Hunc
282 3865 383 3935 habet,
400 3873 488 3941 atque
503 3867 633 3924 humeris
647 3875 812 3924 exstantem
826 3866 949 3943 suspicit
968 3865 1036 3925 altis
1050 3886 1057 3925 ε

175 3957 286 4028 Dicite,
303 3958 405 4015 felices
420 3959 534 4030 animm,
551 3968 654 4037 tuque,
670 3960 778 4036 optime
793 3969 898 4029 vutes3

176 4051 253 4120 Qum
267 4052 351 4129 regio
364 4053 527 4125 Anchisen,
545 4054 611 4131 quis
624 4053 713 4110 habet
728 4053 811 4110 locus
825 4052 835 4108 l
858 4053 936 4110 illius
950 4072 1024 4132 ergo
1101 4054 1160 4115 670

174 4146 328 4218 Venimus,
345 4155 375 4205 et
388 4167 512 4227 magnos
526 4148 619 4207 Erebi
632 4147 814 4205 tranavimus
829 4165 940 4207 amnes.
