2692 5122
183 386 244 443 202
470 380 497 427 r.
517 380 682 427 umorum
703 378 878 427 essemus

183 519 325 578 Manibus
339 527 368 577 et
383 519 487 590 cineri,
503 519 529 577 si
544 526 660 595 quaest
673 537 808 592 eacura,
824 517 951 576 remitto.

185 613 256 672 Hoc
269 622 369 671 tamen
383 612 484 671 infelix
498 613 637 671 miseram
651 613 789 670 solabere
801 620 927 669 mortem
942 629 951 680 ;

184 707 295 766 AEneae
309 707 410 784 magni
423 705 530 764 dextris
543 707 635 764 cadis.
679 705 818 782 Increpat
839 705 916 762 ultro
1114 706 1174 765 88)

185 800 372 863 Cunctantes
386 800 494 871 socios,
511 809 540 857 et
554 797 639 859 terrei
651 799 788 857 sublevat
802 799 909 876 ipsum,

184 894 336 972 Sanguine
349 902 519 970 turpantem
533 900 666 971 comptos
679 892 716 950 de
731 910 814 949 more
829 891 962 968 capillos.

223 987 346 1045 Interea
360 987 478 1065 genitor
491 986 625 1044 Tiberini
640 986 678 1043 ad
693 985 821 1043 fluminis
835 983 943 1043 undam

184 1081 320 1139 Vulnera
333 1080 467 1138 siccabat
482 1079 618 1157 lymphis,
635 1097 803 1155 corpusque
817 1078 948 1150 levabat,

182 1173 308 1232 Arboris
324 1173 448 1230 acclinis
461 1180 589 1230 trunco:
613 1171 715 1248 procul
731 1190 811 1229 aerea
824 1171 916 1228 ramis
1110 1172 1172 1231 885

183 1266 341 1345 Dependet
356 1266 456 1344 galea,
473 1273 503 1323 et
517 1274 602 1342 prato
616 1265 721 1343 gravia
734 1283 817 1322 arma
832 1265 1000 1341 quiescunt.

186 1361 271 1417 Stant
285 1359 354 1417 lecti
369 1359 482 1417 circium
491 1359 619 1435 juvenes
635 1377 642 1415 :
664 1359 727 1436 ipse
746 1377 838 1435 ager,
856 1357 1011 1429 anhelans,

184 1451 273 1512 Colla
286 1452 375 1523 fovet,
391 1452 475 1509 susus
489 1470 650 1529 propexam
663 1452 693 1509 in
707 1459 827 1527 pectore
842 1452 965 1509 barbam
980 1470 989 1522 3

184 1544 281 1603 Multa
297 1565 387 1622 super
399 1543 502 1603 Lauso
516 1547 636 1623 rogitat,
652 1546 834 1620 multumque
853 1545 973 1603 remittit

183 1636 246 1705 Qui
259 1646 411 1708 revocent,
427 1638 585 1714 moestiquo
599 1639 696 1696 ferant
710 1637 848 1695 mandata
861 1637 1002 1714 parentis.
1112 1640 1172 1700 w

183 1732 224 1790 At
238 1730 371 1790 Lausum
387 1732 461 1789 socii
476 1733 641 1790 exanimem
655 1751 746 1809 super
759 1751 843 1789 arma
856 1732 990 1791 ferebant

183 1825 318 1895 Flentes,
336 1825 496 1902 ingentem,
513 1833 602 1902 atque
617 1826 731 1903 ingenti
744 1826 867 1884 vulnere
881 1825 1002 1885 victum.

183 1919 315 1996 Agnovit
328 1918 416 1996 longe
431 1919 573 1996 gemitum
587 1939 726 1997 praesaga
739 1919 809 1976 mali
823 1938 907 1976 mens
920 1939 929 1989 ;

184 1996 339 2071 Canitiem
348 2012 439 2069 multo
453 2012 598 2070 deformat
613 2013 746 2090 pulvere,
763 2021 792 2071 et
807 2014 911 2072 ambas
1110 2078 1116 2089 ,

182 2105 231 2163 Ad
245 2105 354 2164 coelum
368 2105 460 2163 tendit
475 2105 599 2182 palmas,
616 2113 645 2163 et
659 2125 783 2184 corpore
799 2106 924 2165 inhaeret
938 2123 949 2163 t
1111 2108 1172 2167 845

181 2197 319 2256 Tantane
333 2217 380 2255 me
392 2199 486 2255 tenuit
500 2198 629 2270 vivendi,
645 2208 724 2270 nate,
742 2199 888 2276 voluptas,

181 2289 221 2348 Ut
235 2311 288 2367 pro
302 2310 348 2348 me
363 2291 462 2348 hostili
476 2300 597 2367 paterer
610 2292 772 2351 succedere
787 2292 911 2365 dextrae,

182 2382 281 2449 Quem
295 2384 385 2460 genui
403 2384 413 2439 ἓ
435 2393 525 2442 tuane
541 2385 606 2443 haeo
620 2387 737 2464 genitor
751 2406 804 2463 per
818 2387 942 2444 vulnera
955 2405 1070 2460 servor,

181 2475 280 2533 Morte
294 2475 347 2534 tut
361 2476 463 2534 vivens
477 2477 487 2533 ἓ
518 2477 590 2535 Heu
604 2481 610 2535 !
634 2499 713 2536 nunc
726 2480 835 2537 misero
849 2481 919 2538 mihi
933 2479 1051 2539 demum

181 2568 328 2626 Exsilium
341 2569 443 2627 infelix
458 2574 464 2627 l
490 2590 568 2628 nunc
583 2571 640 2629 alte
657 2573 763 2630 vulnus
778 2572 937 2632 adactum!
1110 2574 1172 2633 850

182 2659 265 2717 Idem
282 2680 349 2738 ego,
364 2671 443 2732 nate,
460 2671 542 2720 tuum
556 2665 703 2721 maculavi
717 2666 840 2723 crimine
854 2686 972 2738 nomen,

182 2752 292 2810 Pulsus
306 2756 343 2811 ob
358 2754 495 2812 invidiam
511 2756 584 2813 solio
599 2759 784 2834 sceptrisque
805 2761 943 2836 paternis.

181 2847 356 2906 Debueram
371 2851 474 2926 patriae
490 2871 594 2928 poeuas
609 2852 742 2929 odiisque
757 2874 911 2913 meorum:

182 2941 294 3001 Omnes
308 2962 362 3019 per
375 2952 485 3001 mortes
500 2945 627 3002 animam
640 2957 754 3004 sontem
769 2948 831 3024 ipse
846 2948 1002 3007 dedissem.

180 3035 209 3094 N
212 3055 269 3093 unc
284 3037 350 3094 vivo
366 3040 372 3093 !
394 3057 492 3113 neque
507 3038 604 3096 adhuc
618 3039 751 3097 homines
765 3042 922 3118 lucemque
936 3042 1073 3119 relinquo
1088 3045 1095 3101 !
1111 3043 1171 3103 855

181 3128 239 3185 Sed
255 3129 394 3205 linquam.
439 3131 531 3189 Simul
545 3131 601 3189 hoc
615 3132 718 3190 dicens
732 3134 838 3191 attollit
852 3135 882 3192 in
896 3155 1009 3212 agrum

181 3221 219 3277 So
235 3222 329 3279 femur
349 3241 356 3290 ;
380 3231 420 3296 et,
437 3244 606 3300 quanquam
621 3225 665 3282 vis
680 3226 738 3283 alto
753 3228 874 3285 vulnere
888 3228 997 3298 tardat,

180 3311 272 3369 Haud
286 3313 431 3389 dejectus,
448 3335 558 3392 equum
571 3318 638 3375 duci
656 3318 750 3393 jubet.
793 3319 863 3377 Hoc
878 3320 970 3379 decus
985 3320 1037 3392 illi,

180 3403 250 3462 Hoc
265 3406 398 3463 solamen
412 3416 476 3464 erat
492 3428 499 3476 ;
524 3410 608 3466 bellis
623 3410 680 3468 hoc
695 3412 789 3470 victor
803 3413 904 3471 abibat

180 3496 334 3557 Omnibus.
376 3501 547 3576 Alloquitur
560 3513 745 3574 moereutem,
763 3514 792 3563 et
806 3507 915 3565 talibus
929 3507 992 3565 infit
1008 3526 1016 3564 ε
1108 3510 1170 3569 880

180 3588 310 3661 Rhoebe,
327 3592 376 3649 diu
397 3593 461 3660 (res
475 3594 500 3651 si
515 3615 573 3670 qua
588 3596 637 3653 diu
651 3599 825 3658 mortalibus
839 3601 900 3657 ulla
920 3599 993 3678 est,)

183 3680 333 3741 Viximus:
357 3696 408 3742 aut
422 3686 508 3744 hodie
524 3689 618 3745 victor
632 3692 726 3765 spolia
741 3692 792 3750 illa
811 3702 937 3752 cruenta

179 3773 218 3832 Et
233 3786 322 3853 caput
336 3778 447 3836 AEneae
461 3781 586 3855 reseres,
602 3781 755 3859 Lausique
771 3787 905 3847 dolorum

178 3865 262 3923 Ultor
276 3869 336 3925 eris
349 3889 466 3927 mecum
482 3890 490 3940 ;
515 3881 576 3943 aut,
593 3877 688 3949 aperit
703 3878 728 3934 si
742 3880 824 3936 nulla
837 3881 915 3938 viam
930 3881 984 3952 vis,

178 3957 347 4017 Occumbes
361 3963 481 4038 pariter.
525 3966 632 4041 Neque
648 3971 736 4040 enim,
754 3972 920 4044 fortissime,
937 3974 1038 4047 credo,
1106 3976 1166 4035 865

175 4054 268 4113 Jussn
282 4056 379 4114 aliena
393 4059 452 4134 pati
467 4068 495 4116 et
510 4061 642 4121 dominos
657 4065 818 4143 dignabere
833 4069 981 4128 Teucros.

175 4148 258 4206 Dixit
275 4167 282 4217 ;
307 4159 336 4209 et
351 4162 494 4229 exceptus
508 4164 592 4233 tergo
607 4172 752 4217 consueta
766 4160 875 4219 locavit

174 4239 320 4317 Membra,
336 4263 502 4324 manusque
517 4252 620 4309 ambas
630 4251 740 4328 jaculis
754 4255 887 4313 oneravit
902 4255 1009 4329 acutis,
