2692 5122
182 404 243 462 260
470 394 686 443 P.VIRG11.11
713 392 886 442 manente

181 537 316 599 Prodidit
329 536 539 605 immemorem,
556 534 706 609 radiisque
721 533 846 591 adversa
859 528 987 590 refulsit.

182 631 275 691 Haud
289 629 400 688 temere
416 637 460 686 est
476 629 578 686 visum.
622 627 797 686 Conclamat
811 627 848 682 ab
864 623 981 702 agmiqe
994 621 1168 689 Volacemt

183 727 276 795 State,
294 724 348 781 viri
363 742 370 790 ;
394 742 461 797 quse
476 741 570 779 causa
585 721 640 779 vire
656 720 666 775 ?
689 720 776 794 quive
791 719 863 775 estis
877 717 906 774 in
921 717 1011 775 armis
1026 714 1037 772 l
1110 720 1170 779 3ῖό

183 818 290 885 Qudre
305 818 413 874 tenetis
427 817 484 875 iter
500 816 510 872 ἒ
532 816 614 874 Nihil
629 815 670 872 illi
683 812 806 871 tendere
822 810 947 879 contra;

183 913 241 981 Sed
257 913 392 968 celerare
408 912 509 988 fugam
523 911 552 968 in
567 910 668 979 silvas,
685 917 713 967 et
728 907 820 965 fidere
834 906 924 965 nocti.

182 1007 333 1082 Objiciunt
347 1006 463 1081 equites
477 1024 544 1063 sese
560 1005 597 1061 ad
612 1004 737 1062 divortia
751 1011 821 1060 nota
1146 1064 1149 1069 ¹

181 1099 263 1157 Hinc
278 1111 368 1174 atque
384 1100 654 1172 hinc,‘omnemque
669 1098 779 1154 abitum
795 1094 917 1153 custode
933 1101 1084 1155 coronant.
1105 1096 1168 1157 aad

182 1192 263 1250 Silva
277 1193 329 1250 fuit
344 1192 402 1250 late
418 1192 513 1250 dumis
527 1200 617 1266 atque
632 1192 700 1250 ilice
715 1188 804 1267 nigris

181 1285 324 1356 Horrida,
341 1305 429 1360 quam
444 1286 527 1343 densi
542 1283 726 1360 complerant
739 1282 869 1358 undique
884 1289 984 1340 sentes
1000 1299 1009 1353 ;

181 1378 265 1436 Rara
280 1399 333 1455 per
346 1381 480 1437 occultos
494 1380 614 1436 lucebat
628 1379 733 1436 semita
747 1377 849 1435 calles.

180 1471 346 1547 Euryalum
360 1475 491 1530 tenebrae
507 1491 653 1529 remorum
668 1488 853 1545 onerosaque
869 1466 969 1545 preda

181 1564 358 1641 Impediunt,
373 1565 507 1638 fallitque
521 1565 608 1622 timor
625 1564 749 1640 regione
764 1563 888 1621 viarum.
1109 1562 1168 1622 aad

180 1657 274 1715 Nisus
288 1659 369 1714 abit:
388 1658 510 1733 jamque
525 1657 695 1734 imprudens
710 1664 848 1714 evaserat
863 1656 973 1726 hostes,

180 1752 280 1826 Atque
295 1752 389 1822 lacus,
407 1752 456 1826 qui
472 1751 547 1827 pbst,
565 1752 650 1808 Albae
666 1750 702 1807 de
717 1751 844 1820 nomine,
861 1749 931 1807 dicti

180 1844 291 1900 Albani
305 1864 312 1912 ;
336 1854 397 1901 tum
411 1863 463 1901 rex
477 1845 595 1901 stabula
610 1846 670 1902 alta
684 1844 810 1901 Latinus
828 1843 966 1900 babebat.

180 1935 220 1992 Ut
234 1938 325 2006 stetit,
341 1947 369 1994 et
384 1937 495 1994 frustra
509 1939 661 1994 absentem
677 1937 805 2013 respexit
820 1936 968 1993 amicum:

180 2029 325 2106 Euryale,
342 2030 441 2087 infelix
458 2029 518 2106 qud
531 2040 560 2088 te
576 2031 698 2107 regione
713 2029 844 2104 reliqui?
1108 2028 1169 2087 890

181 2123 288 2190 Quave
304 2144 415 2199 sequar
429 2123 439 2178 ?
461 2124 580 2180 Rursus
594 2124 765 2200 perplexum
778 2123 834 2179 iter
849 2140 935 2179 omne
949 2121 1107 2180 revolvens

180 2215 312 2273 Fallacis
326 2218 419 2286 silvae,
436 2217 523 2273 simul
537 2225 565 2273 et
581 2216 706 2293 vestigia
720 2224 800 2272 retro

181 2307 349 2369 Observata
363 2310 446 2386 legit,
462 2310 617 2384 dumisque
631 2310 785 2366 silentibus
799 2320 887 2366 erret.

179 2402 270 2459 Audit
285 2423 388 2478 equos,
406 2402 486 2460 audit
501 2404 640 2479 strepitus
655 2411 684 2459 et
698 2403 784 2479 signa
799 2399 983 2477 sequentirm.

179 2495 246 2553 Nee
262 2496 382 2572 longum
397 2496 425 2552 in
439 2494 534 2552 medio
549 2503 674 2571 tempus,
692 2514 782 2571 quum
797 2495 910 2552 clamor
926 2493 962 2551 ad
977 2511 1068 2552 aures
1106 2493 1170 2553 896·

179 2586 331 2657 Pervenit,
348 2608 383 2646 ac
399 2589 477 2645 videt
492 2589 668 2663 Euryalum,
686 2608 771 2662 quem
782 2589 845 2663 jam
859 2606 964 2645 manus
978 2587 1084 2660 omnis,

179 2679 299 2737 Fraude
315 2682 371 2737 loci
386 2689 415 2737 et
430 2681 536 2750 noctis,
553 2682 651 2738 subito
664 2683 802 2738 turbante
816 2680 953 2751 tumultu,

154 2784 156 2789 “
180 2772 362 2849 Oppressum
376 2773 452 2850 rapit
467 2783 496 2831 et
510 2782 666 2831 conantem
682 2775 808 2851 plurima
822 2774 941 2832 frustra.

180 2864 260 2932 Quid
276 2867 364 2923 faciat
383 2867 392 2920 ?
416 2865 475 2942 qua
489 2867 518 2923 vi
527 2867 678 2942 juvenem,
696 2868 802 2944 quibus
816 2868 924 2925 audeat
938 2865 1029 2925 armis

178 2959 306 3036 Eripere
323 2959 333 3014 ?
355 2979 392 3016 an
407 2979 473 3016 sese
489 2960 600 3018 medios
615 2961 774 3018 moriturus
788 2961 817 3019 in
832 2979 920 3017 enses
1106 2960 1165 3020 ΛΦ

179 3051 302 3122 luserat,
319 3061 348 3109 et
363 3054 515 3129 pulchram
530 3063 666 3130 properet
682 3073 734 3129 per
748 3055 872 3111 vulnera
886 3052 1035 3112 mortem?

179 3146 272 3203 Ocibs
288 3146 415 3203 adducto
429 3155 572 3221 torquens
586 3147 693 3204 hastile
708 3146 831 3216 lacerto,

180 3237 353 3312 Suspiciens
368 3238 458 3294 altam
473 3237 600 3308 Lunam,
618 3240 661 3296 sic
675 3258 750 3296 voce
765 3248 903 3315 precatur
918 3256 925 3294 :

177 3329 237 3399 Tu,
253 3330 319 3399 dea',
336 3339 366 3386 tu
382 3349 513 3406 praesens
527 3341 627 3389 nostro
641 3351 783 3389 succurre
798 3332 903 3402 labori,

177 3422 335 3479 Astrorum
347 3422 450 3491 decus,
467 3431 494 3478 et
510 3443 661 3481 nemorum
675 3423 804 3481 Latonia
818 3434 928 3483 custos.
1103 3423 1163 3485 405

178 3515 209 3571 Si
225 3534 282 3591 qua
297 3515 355 3571 tuis
370 3534 498 3590 unquam
514 3536 566 3591 pro
580 3535 626 3572 me
642 3526 725 3593 pater
739 3517 895 3593 Hyrtacus
909 3515 970 3575 aris

177 3606 266 3664 Dona
279 3608 355 3677 tulit,
371 3608 396 3665 si
412 3629 470 3684 qua
483 3610 545 3685 ipse
561 3611 633 3667 meis
648 3611 802 3668 venatibus
816 3611 896 3682 auxi,

178 3701 361 3777 Suspendive
376 3691 466 3772 tholo,
481 3712 532 3760 aut
547 3723 635 3761 sacra
648 3703 684 3759 ad
699 3704 817 3781 fastigia
832 3705 881 3762 fixi
896 3722 903 3760 :

176 3792 268 3851 Hunc
283 3795 346 3851 sine
361 3815 408 3852 me
422 3800 541 3853 turbare
555 3799 686 3875 globum,
703 3805 732 3855 et
745 3816 819 3874 rege
832 3797 892 3854 tela
906 3815 959 3874 per
975 3815 1079 3856 auras.

175 3885 302 3943 Dixerat
318 3907 325 3955 ;
349 3897 378 3944 et
392 3897 453 3946 toto
468 3893 612 3948 connixus
626 3910 751 3967 corpore
767 3891 877 3948 serrum
1101 3889 1160 3951 410

176 3977 306 4053 Conjicit
321 4000 327 4037 :
349 3982 435 4040 hasta
449 3985 552 4042 volans
566 3985 661 4043 noetis
675 3985 843 4042 diverberat
858 3985 988 4056 umbras,

175 4073 214 4130 Et
229 4075 308 4131 venit
323 4077 421 4134 aversi
435 4078 464 4135 in
477 4087 592 4156 tergum
610 4079 767 4148 Sulmonis,
785 4079 885 4154 ibique

174 4166 346 4247 Frangitur,
363 4190 399 4229 ac
413 4172 483 4233 fisso
497 4175 601 4233 transit
617 4173 781 4252 precordia
800 4173 889 4251 ligno
