2692 5122
637 408 646 425 Ν

517 828 693 876 AElt'uluos
714 830 783 876 LIB.
798 830 835 875 11.
1117 839 1172 894 12²1

187 966 255 1026 Jam
270 967 334 1043 jam
349 968 431 1025 nulla
444 987 528 1026 more
543 977 587 1026 est
603 986 610 1024 :
633 988 753 1044 sequor,
769 976 808 1039 et,
827 965 887 1044 qud
900 967 1018 1040 ducitis,
1036 958 1149 1029 adsum.

186 1060 228 1120 Di
247 1062 345 1139 patrii,
362 1070 479 1119 servate
493 1062 621 1132 domum,
639 1072 755 1119 servate
774 1065 934 1139 nepotem!

187 1154 328 1213 Vestrum
343 1154 399 1212 hoc
413 1156 582 1233 augurium,
599 1163 756 1230 vestroque
772 1156 802 1212 in
815 1156 934 1213 numine
948 1155 1042 1233 Troja
1055 1163 1110 1215 est.

189 1247 273 1306 Cedo
293 1247 429 1324 equidem
446 1267 454 1317 ;
478 1267 545 1318 nee,
561 1257 640 1318 uate,
657 1249 710 1305 tibi
724 1267 823 1305 comes
837 1249 881 1306 ire
895 1268 1018 1325 recuso,

224 1340 352 1398 Dixerat
366 1341 414 1398 ille
429 1360 436 1410 ;
461 1349 491 1398 et
507 1342 570 1421 jam
583 1360 638 1418 per
651 1343 761 1398 moenia
777 1343 888 1400 clarior
901 1326 979 1421 ignis
1113 1344 1171 1400 706

186 1433 324 1504 Auditur,
342 1433 520 1515 propiusque
535 1428 625 1492 {estus
640 1435 778 1491 incendia
792 1436 921 1494 volvunt.

186 1526 268 1604 Ergo
283 1546 351 1604 age,
367 1542 438 1584 earo
453 1541 547 1605 pater,
565 1527 676 1585 cervici
691 1527 841 1603 imponere
856 1537 965 1587 nostrae
982 1548 989 1599 ;

186 1619 253 1697 Ipse
269 1622 375 1678 subibo
390 1620 530 1690 humeris,
545 1641 600 1678 nec
614 1641 661 1678 me
676 1621 760 1679 tabor
774 1622 829 1679 iste
844 1623 1003 1699 gravabit:

186 1712 255 1779 Quo
270 1733 319 1771 res
333 1733 461 1789 cumque
476 1713 591 1793 ¹eadent,
608 1734 697 1771 unum
712 1724 741 1771 et
757 1734 911 1772 commune
926 1715 1078 1792 periclum,

185 1805 252 1864 Una
266 1808 346 1865 salus
361 1796 505 1864 ambobus
519 1808 583 1866 erit.
618 1808 693 1865 Mihi
707 1829 815 1885 parvus
830 1808 914 1867 Iulus
1111 1812 1170 1867 'th

186 1900 227 1957 Sit
241 1920 342 1958 comes
356 1920 364 1968 ;
388 1908 417 1957 et
437 1899 524 1976 longe
539 1909 638 1958 servet
653 1874 779 1979 vbstigia
792 1894 918 1977 conjuxf
1079 1915 1081 1919 ’

184 1992 257 2064 Vos,
275 1994 388 2064 famuli,
406 2013 472 2069 quae
487 1994 582 2051 dicam
598 1994 701 2051 animis
716 1996 860 2053 advertite
876 1995 992 2055 vestris.

184 2086 238 2144 Est
258 2089 331 2145 urbe
348 2086 479 2164 egressis
492 2072 632 2158 tumulus,
649 2088 848 2165 templumque
863 2097 1011 2148 vetustum

183 2179 322 2239 Desertae
338 2179 471 2251 Cereris,
487 2179 631 2256 justique
646 2182 767 2255 antiqua
782 2201 943 2258 cupressus

183 2273 342 2351 Religione
358 2287 473 2350 patrum
486 2273 594 2330 multos
608 2281 726 2330 servata
739 2293 792 2350 per
806 2282 900 2331 annos
914 2293 920 2331 :
1109 2278 1167 2333 715

184 2366 274 2425 Hanc
288 2387 325 2424 ex
340 2366 457 2425 diverso
471 2366 572 2424 sedem
587 2368 739 2424 veniemus
754 2368 782 2423 in
797 2388 895 2425 unam.

185 2458 241 2530 Tu,
258 2461 384 2538 genitor,
402 2479 476 2536 cape
491 2478 579 2516 saera
594 2479 693 2528 manu,
711 2460 881 2536 patriosque
895 2460 1047 2520 Penates:

182 2553 244 2626 Me,
261 2554 370 2612 beiloe
385 2561 466 2610 tanto
481 2551 647 2629 digressum
661 2564 691 2609 et
710 2552 792 2610 eaedo
806 2554 930 2626 recenti,

181 2649 352 2706 Attrectare
367 2647 462 2716 nesae,
479 2646 575 2703 donec
590 2665 636 2703 me
652 2645 769 2703 flumine
786 2647 852 2704 vivo

181 2742 323 2801 Abiuero.

182 2834 260 2893 Haee
275 2835 363 2904 fatus,
379 2835 456 2892 latos
470 2835 610 2891 humeros
623 2834 818 2910 subjectaque
833 2836 910 2893 coila

181 2927 274 2985 Veste
290 2929 380 3005 super
395 2928 524 3003 fulvique
539 2928 685 2985 insternor
701 2929 777 3005 pello
791 2929 896 3000 leonis,

182 3022 377 3098 Succedoque
392 3023 484 3082 oneri.
526 3023 649 3081 Dextrae
668 3042 700 3079 se
716 3042 824 3099 parvus
839 3023 921 3080 Iulus

181 3113 339 3192 Implicuit,
356 3116 549 3192 sequiturque
564 3128 676 3193 patrem
692 3136 748 3173 non
764 3116 901 3192 passibus
915 3115 1010 3192 eequis
1024 3135 1033 3186 3

180 3207 263 3265 Pone
278 3207 356 3263 subit
372 3209 488 3283 conjux.
531 3210 669 3267 Forimur
684 3229 736 3284 per
750 3228 845 3285 opaca
858 3209 1012 3267 iocorum:
1108 3211 1165 3266 725

180 3300 220 3358 Et
240 3319 298 3370 me,
316 3320 402 3376 quem
416 3302 525 3360 dudum
539 3323 597 3360 non
613 3302 672 3359 ulla
688 3303 798 3376 injecta
811 3303 968 3359 movebant

179 3393 268 3464 Tela,
285 3413 381 3469 neque
397 3395 522 3453 adverso
536 3395 690 3471 glomerati
705 3414 741 3451 ex
756 3395 873 3469 agmine
889 3393 985 3464 Graii,

181 3485 272 3545 Nunc
287 3507 389 3544 omnes
402 3496 515 3545 terrent
534 3507 625 3556 auroe,
643 3506 733 3543 sonus
748 3486 858 3542 excitat
874 3484 969 3542 omnis

180 3582 374 3657 Suspensum,
391 3589 420 3637 et
436 3581 547 3656 pariter
561 3580 720 3654 comitique
735 3579 876 3654 onerique
891 3579 1052 3639 timentem.

217 3674 346 3748 Jamque
363 3674 597 3751 propinquabam
613 3672 714 3748 portis,
731 3691 905 3747 omnemque
921 3672 1044 3730 videbar
1106 3677 1164 3731 730

178 3766 323 3824 Evasisse
337 3768 432 3824 vicem
446 3785 453 3834 ;
478 3765 575 3823 subitb
591 3784 681 3840 quum
696 3767 802 3822 creber
816 3765 853 3822 ad
867 3785 957 3824 aures

178 3858 271 3916 Visus
287 3860 392 3917 edesse
408 3860 514 3936 pedum
533 3860 646 3916 sonitus
660 3878 668 3927 ;
692 3858 868 3935 genitorque
883 3880 936 3936 per
949 3862 1083 3920 umbram

177 3951 389 4028 Prospiciens:
413 3953 503 4023 Nate,
521 3954 679 4022 exclamat,
696 3952 777 4029 suge,
794 3961 885 4022 nate;
909 3954 1127 4032 propinquant:

176 4043 328 4103 Ardentes
342 4047 464 4122 eiypeos
477 4056 566 4122 atque
582 4066 643 4104 aera
657 4045 798 4102 micantia
811 4066 911 4105 cerno,

176 4136 243 4195 Hic
263 4139 333 4195 mihi
347 4139 449 4213 nescio
464 4139 541 4215 quod
555 4139 670 4215 trepido
684 4139 760 4196 male
775 4159 883 4197 numen
898 4141 1024 4199 amicum
1105 4145 1162 4201 735

177 4228 343 4288 Confusam
357 4230 464 4309 'eripuit
480 4245 615 4289 mentem.
659 4232 807 4308 Namque,
826 4233 892 4290 avio
906 4253 996 4291 eursu

175 4323 259 4380 Dum
273 4344 394 4400 sequor,
410 4334 439 4382 et
454 4325 522 4382 notit
536 4325 648 4382 excedo
663 4325 786 4402 regione
801 4320 925 4397 viardm,

174 4415 271 4475 Heu!
294 4418 403 4476 misero
417 4420 523 4494 conjux
539 4410 637 4476 sdtone
652 4430 755 4496 erepta
770 4419 886 4477 Cretisa

139 4540 146 4551 ι’
174 4510 324 4581 Substitit,
341 4511 489 4569 erravitne
504 4510 562 4582 vid,
580 4531 633 4570 seu
648 4512 728 4569 lassa
742 4512 863 4583 resedit,

174 4602 330 4664 Incertum
347 4624 355 4674 ;
378 4624 434 4663 nee
447 4605 514 4682 pbst
528 4607 623 4665 oeulis
637 4615 682 4665 est
696 4605 812 4665 reddita
826 4606 943 4664 nostris.
1104 4608 1162 4662 740
