2692 5122
503 770 678 819 AENEIDOS
699 772 769 818 uls.
783 770 820 818 11.

168 905 356 986 Ingeminant
371 908 475 985 plausu
490 909 586 986 Tyrii,
602 910 760 986 Troesque
775 920 947 987 sequuntur.

167 999 232 1059 Nec
247 1020 306 1059 non
321 1008 351 1057 et
366 1001 448 1081 vario
462 1010 580 1059 noctem
594 1022 731 1060 sermone
744 1004 882 1061 trahebat

167 1092 272 1151 Infelix
287 1093 379 1165 Dido,
395 1094 577 1173 longumque
593 1096 713 1152 bibebat
728 1116 869 1167 amorem,

167 1186 262 1246 Multa
275 1207 367 1265 super
379 1187 499 1246 Priamo
514 1190 657 1267 rogitans,
671 1209 763 1267 super
775 1188 911 1249 Hectore
925 1191 1019 1249 multa
1034 1210 1043 1262 ς
1096 1194 1154 1253 750

165 1280 265 1353 Nunc,
282 1281 391 1358 quibus
404 1282 530 1367 &rurore
546 1284 676 1341 venisset
691 1283 770 1341 filius
783 1284 874 1341 armis
892 1302 900 1353 ;

165 1373 265 1444 Nunc,
283 1373 389 1450 quales
402 1373 557 1431 Diomedis
572 1376 664 1451 equi3
688 1396 778 1446 nunc,
796 1384 926 1452 quantus
938 1376 1083 1436 Achilles.

165 1465 257 1524 immo
271 1486 340 1545 age,
356 1475 386 1524 et
401 1486 420 1524 a
434 1468 536 1544 primi,
551 1468 610 1539 dio,
624 1470 743 1547 hospes,
760 1470 875 1547 origine
890 1470 976 1529 nobis

165 1557 302 1629 Insidias,
319 1558 593 1635 inquit,Dana1im,
610 1581 759 1638 casusque
774 1571 903 1632 tuorum,

164 1650 351 1728 Erroresque
365 1661 432 1710 tuos
446 1672 453 1721 ;
478 1672 546 1710 narn
560 1662 589 1710 te
607 1653 668 1729 jam
683 1654 808 1731 septima
822 1662 918 1731 portat
1093 1655 1152 1715 '156

163 1742 307 1802 Omnibus
321 1753 470 1803 errantem
484 1747 572 1804 terris
586 1755 616 1803 et
630 1746 769 1805 fluctibus
789 1755 888 1806 metes.

498 2274 808 2348 AENEIDOS

534 2466 697 2526 LIBER
722 2467 772 2527 ΙΙ.
836 2418 839 2425 Ι

160 2772 365 2832 Conrrcnrnr.
380 2794 493 2845 omnes,
509 2773 672 2849 intentique
687 2791 740 2829 ora
753 2770 917 2840 tenebant;

160 2864 231 2924 Inde
245 2877 311 2925 toro
327 2875 411 2945 pater
423 2867 543 2926 AEneas
557 2866 601 2923 sic
615 2872 702 2923 orsus
717 2866 754 2922 ab
769 2865 850 2923 alto:

198 2959 365 3031 Infandum,
381 2961 497 3038 regina,
509 2960 598 3035 jubes
612 2978 758 3017 renovare
773 2957 927 3016 dolorem:

157 3052 305 3129 Trojanas
320 3062 351 3110 ut
365 3072 437 3130 opes
450 3062 480 3110 et
494 3052 681 3110 lamentabile
703 3071 828 3129 regnum

157 3145 299 3204 Eruerint
313 3145 413 3204 Danai
429 3165 436 3215 ;
462 3164 586 3222 qumque
602 3145 665 3222 ipse
680 3144 846 3202 miserrima
859 3143 929 3216 vidi,
1124 3144 1145 3201 5

156 3238 197 3296 Et
212 3258 337 3314 quorum
352 3258 420 3315 pare
434 3258 543 3316 magna
558 3238 608 3295 sui.
652 3237 739 3307 Quis,
756 3238 829 3294 tolio
847 3235 945 3308 fando,

154 3329 386 3407 Myrmidonum,
401 3331 599 3408 Dolopumve,
616 3329 746 3387 nutduri
760 3329 845 3385 miles
858 3328 989 3404 Ulyaeei,

154 3422 318 3500 Temperet
332 3442 350 3480 a
363 3423 503 3499 lacrymis
520 3422 531 3477 ?
571 3422 611 3477 Et
628 3421 691 3495 jam
705 3440 763 3477 nox
777 3418 897 3476 humida
909 3419 988 3476 coelo

153 3514 336 3592 Praecipitat,
352 3515 539 3589 suadentque
553 3511 692 3569 cadentia
706 3511 805 3568 sidera
819 3529 948 3568 somnos.

154 3606 226 3677 Sed,
243 3608 268 3665 si
282 3616 382 3666 tantus
397 3626 481 3665 arnor
495 3626 583 3663 casus
597 3624 782 3683 cognoscere
797 3611 932 3675 nostros,
1107 3605 1143 3661 10

152 3698 195 3755 Et
209 3700 339 3758 breviter
352 3700 453 3776 Trojae
468 3718 637 3776 supremum
651 3698 753 3768 audire
768 3698 912 3769 laborem,

154 3790 336 3868 Quanquam
351 3794 466 3851 animus
481 3792 649 3849 meminisse
663 3792 774 3861 horret,
791 3792 933 3867 luctuque
947 3789 1067 3870 refugit,

152 3882 308 3960 Incipiam.
350 3884 454 3944 Fracti
468 3885 556 3955 bello,
574 3884 700 3961 satisque
714 3884 836 3962 repulsi,

151 3976 306 4035 Ductores
320 3975 470 4048 Danairm,
486 3986 528 4035 tot
546 3979 608 4053 jarn
622 3978 790 4035 labentibus
805 3977 901 4050 annis,

151 4068 254 4127 Instar
267 4072 375 4130 montis
389 4091 509 4149 equum,
526 4071 627 4129 dirimi
639 4071 772 4129 Palladis
787 4080 862 4142 arte,
1106 4074 1141 4133 15

149 4160 329 4235 AEdificant,
346 4164 491 4241 sectique
505 4164 639 4223 intexunt
653 4166 749 4222 abiete
764 4172 874 4223 costas.

148 4254 263 4315 Votum
276 4278 330 4335 pro
344 4260 442 4319 reditu
457 4260 596 4317 simulant
609 4278 617 4328 3
640 4279 678 4317 ea
691 4260 771 4316 fama
784 4264 924 4336 vagatur.

149 4346 224 4405 Huc
239 4348 357 4409 delecta
371 4349 465 4411 virirm
480 4352 576 4410 sortiti
594 4371 720 4428 corpora
734 4351 833 4409 furtim

150 4437 311 4501 Includunt
326 4463 408 4502 caeco
422 4445 517 4516 lateri,
536 4445 711 4522 penitirsque
727 4464 874 4504 cavernas

149 4531 297 4612 lugentes
309 4544 486 4614 uterumque
501 4546 615 4596 armato
630 4537 721 4595 milite
735 4539 893 4615 complent.
1098 4541 1139 4597 Μ

432 4634 468 4688 10
