2692 5122
502 773 676 819 AENElDOS
695 772 765 819 ma.
780 772 831 817 lIl.

173 912 314 971 Telorum
328 929 427 989 seges,
443 920 472 968 et
489 911 599 987 jaculis
614 911 737 969 increvit
752 911 856 969 acutis.

173 1006 248 1064 'Ibin
263 1004 336 1063 verd
351 1005 472 1082 ancipiti
485 1014 613 1063 mentem
627 1004 779 1063 formidine
794 1023 914 1081 pressus

175 1098 330 1175 Obstupui,
347 1106 551 1175 steteruntque
567 1118 669 1168 comae,
687 1106 715 1156 et
731 1117 787 1156 vox
817 1097 954 1155 saucibus
968 1096 1062 1154 haesit.

211 1192 304 1277 Hunc
318 1193 343 1250 P
395 1194 498 1255 dorum
512 1194 578 1251 auri
593 1193 741 1269 quondam
755 1213 823 1251 cum
837 1192 966 1270 pondere
980 1208 1089 1268 magno

175 1280 280 1345 Inselffi
294 1286 345 1345 Pri
396 1307 431 1345 us
445 1285 543 1344 furtim
558 1287 713 1344 mandarat
727 1286 865 1344 alendum
1118 1283 1158 1339 50
1223 1336 1226 1341 .

175 1379 317 1441 'l'nreieio
331 1382 405 1460 regi,
424 1402 513 1459 quum
529 1383 592 1458 jam
607 1383 753 1440 diffideret
768 1382 857 1439 armis

175 1475 347 1546 Dardaniae,
365 1475 504 1554 cingique
520 1479 623 1534 urbem
637 1477 789 1534 obsidione
804 1475 926 1532 videret.

177 1566 242 1640 llle,
258 1578 290 1626 ut
304 1588 377 1646 opes
391 1568 494 1628 fractae
508 1567 671 1641 Teucriim,
688 1579 717 1628 et
732 1571 867 1627 Fortuna
879 1566 1014 1637 recessit,

176 1660 238 1719 Res
251 1663 505 1739 Agamemnonias
518 1663 712 1738 victriciaque
727 1682 810 1720 arma
827 1671 958 1730 secutus,

176 1753 236 1812 Pas
250 1775 337 1813 omne
352 1757 510 1833 abrumpit,
526 1756 706 1833 Polydorum
720 1758 886 1826 obtruncat,
903 1762 933 1812 et
947 1771 1021 1811 auro
1120 1751 1159 1808 ab

177 1846 215 1905 vi
228 1848 344 1924 potitur.
388 1849 469 1916 Quid
483 1869 541 1907 non
555 1851 689 1907 mortalia
702 1860 824 1926 pectora
838 1848 933 1926 cogis,

177 1940 252 2000 Auri
266 1962 355 2000 saera
369 1943 462 2000 fames
477 1943 487 1998 ?
528 1943 690 2020 Postquam
705 1962 797 2019 pavor
811 1961 880 2000 ossa
894 1939 1023 2015 reliquit,

133 2104 149 2115 .-
170 2035 319 2109 ¹Delectos
332 2037 432 2113 populi
446 2037 483 2093 ad
496 2055 648 2114 proceres,
665 2036 849 2113 primumque
864 2043 1026 2112 parentem,

85 2114 132 2157 “
176 2126 312 2186 Monstra
325 2126 414 2187 derim
427 2131 534 2202 resero,
550 2139 590 2202 et,
609 2150 674 2208 quse
689 2131 726 2187 sit
740 2130 897 2199 sententia,
914 2146 1016 2205 posco.

178 2221 321 2281 Omnibus
336 2223 412 2280 idem
427 2224 540 2281 enimus
554 2222 704 2281 scelerati
717 2222 863 2281 excedere
877 2220 970 2290 terrai,
1121 2221 1161 2277 60

178 2313 286 2391 Linqui
302 2316 443 2392 pollutum
458 2317 626 2393 hospitium,
643 2327 672 2374 et
686 2317 758 2374 dare
772 2315 918 2374 classibus
933 2321 1059 2373 austros.

178 2408 260 2487 Ergo
274 2409 473 2467 instauramus
487 2410 635 2486 Polydoro
650 2409 748 2480 sunus,
765 2417 794 2466 et
808 2410 914 2485 ingens

178 2503 341 2581 Aggeritur
354 2503 467 2559 tumulo
482 2503 570 2560 tellus
584 2523 592 2571 ;
619 2512 697 2560 stant
711 2502 851 2559 Manibus
866 2520 936 2571 arae,
1039 2539 1047 2553 ,

179 2596 326 2655 Caeruleis
339 2604 454 2654 moestoe
469 2597 548 2653 vittis
562 2594 688 2671 atriaque
703 2615 846 2672 cupresso
859 2615 867 2664 ;

177 2689 217 2748 Et
231 2689 344 2747 circiim
358 2690 468 2747 Iliades
482 2690 595 2747 crinem
609 2690 645 2747 de
659 2709 740 2747 more
755 2690 868 2748 solutae.

179 2782 335 2841 Inserimus
349 2785 448 2861 tepido
462 2785 628 2861 spumantia
642 2784 759 2860 cymbia
774 2784 861 2855 lacte,
1225 2788 1262 2857 ¹,

179 2877 339 2954 Sanguinis
353 2886 381 2934 et
397 2879 476 2935 sacri
491 2887 608 2954 pateras
622 2898 630 2947 ;
655 2878 842 2953 animamque
857 2877 995 2955 sepulcro
1150 2798 1216 2931 Ὃ

179 2968 355 3041 Condimus,
371 2978 400 3027 et
414 2969 525 3048 magnai
538 2962 707 3048 supremum
722 2989 794 3027 voce
809 2971 931 3028 cicmus.

218 3061 303 3133 lude,
321 3062 371 3120 ubi
386 3062 478 3140 prima
492 3063 565 3120 fides
579 3064 696 3141 pelago,
713 3064 889 3140 placataque
904 3063 982 3120 venti

177 3154 261 3214 Dant
276 3156 380 3226 maria,
396 3164 425 3213 et
439 3157 513 3213 lenis
528 3157 677 3232 crepitans
692 3166 778 3214 vocat
792 3157 904 3215 Auster
917 3157 947 3213 in
961 3156 1063 3227 ultum,
1124 3156 1164 3211 70

179 3248 341 3307 Deducunt
356 3249 429 3307 socii
443 3269 544 3320 naves,
561 3260 590 3307 et
605 3251 703 3307 littora
718 3249 875 3326 complent.

178 3343 375 3402 Provehimur
390 3354 494 3421 portu3
519 3353 667 3420 terraeque
683 3346 832 3418 urbesque
852 3343 1005 3401 recedunt.

180 3438 277 3494 Sacra
291 3439 363 3495 mari
378 3437 486 3494 colitur
499 3436 595 3494 medio
609 3437 778 3514 gratissima
791 3437 880 3493 tellus

179 3529 344 3588 Nereidum
358 3531 445 3588 matri
460 3540 488 3587 et
503 3530 643 3606 Neptuno
656 3530 769 3605 AEgoeo
783 3544 796 3597 ς

180 3622 282 3689 Quam
297 3624 360 3699 pius
374 3624 564 3692 Arcitenens,
582 3641 650 3678 oras
665 3631 693 3678 et
708 3622 807 3678 littora
819 3621 932 3679 circum
1128 3620 1166 3676 ⁷5

179 3715 351 3786 Errantem,
367 3717 472 3793 Gyaro
487 3714 570 3773 celsi
583 3715 773 3791 Myconoque
788 3715 925 3785 revinxit,

182 3807 395 3884 Immotamque
411 3809 468 3866 coli
483 3808 573 3881 dedit,
589 3818 618 3867 et
633 3817 822 3866 contemnere
838 3817 950 3867 ventos.

180 3900 256 3960 Huc
271 3903 371 3970 feror;
398 3904 462 3962 lraec
477 3902 571 3961 sessos
585 3911 648 3960 tuto
663 3902 860 3979 placidissima
875 3911 960 3978 portu

81 3994 129 4003 '⁶‘
149 3990 310 4071 ”Accipit
352 3995 478 4074 Egressi
493 4016 670 4054 veneramur
681 3996 826 4073 Apollinis
840 3997 952 4054 urbem.

180 4086 252 4146 Rex
267 4088 374 4161 Anius,
390 4109 444 4148 rex
457 4090 534 4148 idem
548 4091 697 4148 hominum
709 4090 875 4165 Phoebique
888 4089 1039 4161 sacerdos,
1129 4089 1168 4147 80

179 4179 275 4238 Vittis
290 4191 318 4241 et
332 4181 422 4242 sacri
435 4184 588 4243 redimitus
604 4193 737 4260 tempora
750 4184 845 4255 lauro,

181 4272 345 4332 Occurrit:
370 4286 500 4335 veterem
514 4278 666 4335 Anchisen
681 4279 815 4355 agnoscit
833 4277 969 4336 amicum.

179 4365 343 4444 Jungirnus
357 4369 483 4447 hospitio
497 4370 627 4442 dextras,
644 4379 673 4428 et
687 4380 767 4430 tecta
781 4371 922 4430 subimus.

181 4459 311 4539 Templa
325 4463 373 4522 dei
387 4485 459 4524 saxo
473 4469 640 4525 venerabar
654 4475 768 4525 structa
782 4477 918 4525 vetusto:

178 4553 234 4614 Da
248 4558 409 4634 propriam,
425 4560 616 4637 Thymbraee,
633 4560 750 4618 domum
763 4579 771 4616 z
793 4560 832 4617 dn
846 4560 956 4619 moenia
971 4558 1069 4630 sessis,
1130 4557 1169 4614 86
