2692 5122
199 380 238 438 20
480 373 509 422 Ρ.
532 373 701 422 Vtuntur}
725 371 901 422 ΜΔΒΟΝΙΒ

200 511 343 574 Crudelis
356 519 452 571 mater
464 511 572 590 magis,
588 531 628 571 an
642 529 716 590 puer
728 511 879 589 improbus
892 510 942 570 ille
957 509 968 567 ?

200 603 356 683 Improbus
370 605 419 663 ille
434 624 509 683 puer
524 623 533 675 ;
556 604 686 664 crudelis
699 611 732 664 tu
751 623 868 682 quoque
883 611 989 665 mater.
1146 605 1186 662 50

200 698 303 776 Incipe
318 698 475 758 Maenalios
488 717 616 770 mecum,
632 716 700 757 mea
712 697 796 770 tibia,
813 717 927 757 versus.

239 793 267 850 N
271 811 328 850 unc
343 802 373 850 et
387 810 458 850 oves
473 792 550 851 ultro
564 791 659 870 fugiat
673 791 761 867 lupus
777 809 785 860 ς
809 809 903 850 aurea
916 789 998 850 dnrae

199 884 283 944 Mala
296 886 393 944 serant
408 903 537 961 quercus
552 903 561 955 ;
585 884 720 943 narcisso
732 883 838 943 floreat
852 883 937 943 alnus
945 902 953 953 ;

198 977 327 1057 Pinguia
341 978 503 1037 corticibus
516 976 623 1036 sudent
636 976 749 1036 electra
762 976 883 1054 myricae
900 995 908 1046 ;

200 1070 326 1131 Certent
340 1079 369 1130 et
384 1071 487 1149 cycnis
501 1070 590 1129 ulula
607 1088 615 1139 ;
639 1070 677 1128 sit
690 1070 814 1147 Tityrus
828 1068 977 1147 Orpheus,
1146 1070 1185 1127 5⁵

199 1163 338 1243 Orpheus
352 1164 381 1223 in
394 1163 486 1235 silvis,
501 1163 578 1221 inter
590 1162 745 1240 delphinas
758 1163 861 1221 Arion.

199 1256 304 1335 Incipe
319 1256 476 1316 Maenalics
490 1275 617 1328 mecum,
633 1274 701 1314 mea
714 1256 797 1327 tibia,
812 1274 928 1314 versus.

238 1349 347 1408 Omnia
360 1349 408 1408 vel
422 1348 551 1408 medium
565 1349 636 1407 fiant
652 1368 745 1409 mare.
786 1348 899 1420 Viuite,
915 1347 998 1408 silvie
1013 1366 1021 1405 ε

198 1443 340 1522 Praeceps
354 1442 428 1502 sirii
442 1440 567 1520 speculi
579 1440 615 1500 de
630 1442 736 1501 montis
750 1442 890 1501 innodas

199 1536 331 1596 Deseror
345 1555 352 1593 τ
376 1543 540 1594 extremum
553 1534 611 1593 hoc
624 1554 731 1593 munus
745 1534 897 1593 morientis
910 1534 1029 1594 habeto.
1146 1536 1186 1593 60

199 1630 314 1690 Desine
328 1628 496 1700 Maenahos‚
508 1628 571 1705 jam
584 1626 698 1700 desine,
713 1627 797 1699 tibia,
813 1646 928 1687 versus.

238 1814 317 1874 Haec
330 1814 449 1874 Damon
466 1833 473 1872 :
509 1833 572 1887 vos,
590 1833 656 1891 qua
670 1813 854 1893 responderit
867 1812 1090 1891 Alphesiboeus,

199 1907 312 1981 Dicite,
327 1907 464 1967 Pierides
478 1925 485 1965 :
507 1926 567 1967 non
581 1907 680 1966 omnia
693 1925 849 1985 possumus
863 1925 975 1967 omnes.

582 2082 809 2123 ALPHHIBOEUS.

237 2189 324 2248 Effer
337 2208 456 2266 aquam,
472 2197 502 2248 et
516 2189 596 2249 molli
610 2189 697 2267 cinge
711 2189 777 2248 haec
791 2188 897 2247 altaria
911 2185 985 2247 vittsi
998 2205 1007 2259 ;

199 2281 417 2358 Verbenasque
431 2282 517 2340 adole
533 2283 658 2360 pingues
672 2290 701 2339 et
716 2282 849 2339 mascula
862 2281 962 2353 thura,
1147 2283 1186 2340 6⁵

201 2374 348 2452 Coujugis
363 2380 393 2432 ut
407 2374 531 2451 magicis
545 2393 635 2432 sanos
648 2382 783 2431 avertere
798 2374 894 2432 sacris

199 2464 349 2544 Experiar
362 2484 468 2524 sensus
481 2484 488 2522 ε
510 2465 583 2523 nihil
596 2464 647 2524 hic
660 2465 717 2523 nisi
731 2465 863 2524 carmina
876 2465 992 2526 desunt.

200 2555 312 2618 Ducite
327 2560 365 2616 ab
380 2559 453 2616 urbe
467 2558 595 2630 domum,
611 2578 679 2617 mea
691 2558 835 2630 carmina,
851 2558 950 2617 ducite
963 2559 1115 2639 Daphnin.

241 2650 385 2711 Carmina
399 2651 445 2708 vel
460 2651 538 2710 coelc
550 2659 673 2728 possunt
686 2651 834 2709 deducere
848 2651 966 2711 Lunam
981 2672 990 2724 ;

202 2743 395 2805 Carminibus
410 2742 500 2803 Circe
515 2744 613 2803 socios
626 2744 747 2802 mutavit
762 2743 881 2821 Ulyssei
897 2765 905 2816 ;
1147 2749 1185 2805 to

200 2836 342 2916 Frigidus
356 2837 385 2894 in
400 2836 492 2914 pratis
505 2836 653 2896 cantando
667 2837 812 2914 rumpitur
825 2839 940 2916 anguis.

200 2928 312 2989 Ducite
327 2930 364 2988 ab
379 2933 452 2988 urbe
466 2928 595 3001 domum,
612 2948 679 2988 mea
692 2930 835 3002 carmina,
852 2930 950 2990 ducito
963 2931 1116 3012 Daphnin.

238 3023 341 3081 Terna
353 3023 407 3082 tibi
421 3021 485 3081 haec
500 3022 624 3100 primum
638 3023 746 3101 triplici
759 3023 878 3081 diversa
891 3025 992 3084 colore

199 3115 287 3176 Licin
301 3116 463 3187 circumdo,
478 3125 584 3193 terque
597 3116 663 3175 haec
677 3116 785 3175 altaria
798 3118 911 3176 circum

198 3209 339 3287 Effigiem
354 3209 431 3267 duco
447 3229 454 3278 ;
478 3228 601 3267 numero
615 3210 689 3268 deus
703 3210 814 3287 impare
828 3210 948 3289 gaudet.
1146 3214 1185 3270 ⁷5

199 3302 310 3362 Ducite
326 3304 363 3360 ab
378 3305 452 3361 urbe
466 3302 594 3374 domum,
610 3323 678 3360 mea
691 3305 834 3375 carmina,
851 3306 949 3365 ducite
963 3305 1112 3384 Daphnin.

239 3396 337 3454 Necte
350 3395 446 3453 tribus
459 3394 544 3453 nodis
556 3404 669 3466 ternos,
684 3396 841 3474 Amarylli,
857 3399 974 3457 colores
989 3418 997 3469 ;

200 3488 229 3546 N
231 3487 570 3564 ecte‚Amarylli,modd:
585 3496 626 3559 et,
640 3488 826 3561 “Veneria'’
835 3490 893 3561 dic,
907 3497 927 3523 “
936 3492 1056 3552 vincula
1063 3492 1185 3552 nect0.”

200 3579 310 3638 Ducite
325 3581 362 3637 ab
377 3581 450 3637 urbe
464 3581 593 3652 domum,
608 3600 676 3639 mea
690 3583 833 3654 carmina,
848 3584 947 3642 ducite
960 3584 1111 3664 Daphnin.

214 3707 218 3717 ·
239 3672 344 3731 Limus
357 3680 388 3731 ut
402 3672 451 3730 hic
466 3672 607 3745 durescit,
623 3683 654 3732 et
667 3673 732 3732 haec
747 3683 777 3733 ut
792 3696 864 3735 cers
876 3677 1015 3754 liquescit
1147 3681 1186 3738 80

200 3765 268 3824 Uno
282 3765 446 3841 eodemque
460 3766 523 3843 igni
538 3785 546 3835 ;
570 3766 613 3824 sic
628 3776 727 3825 nostro
740 3767 877 3846 Daphnis
894 3790 1005 3831 amore.

202 3860 317 3936 Sparge
331 3859 449 3932 molam,
464 3867 494 3916 ct
514 3859 637 3937 fragiles
650 3860 776 3919 incende
791 3863 933 3921 bitumine
947 3865 1057 3924 lauros.

146 4004 149 4011 .
201 3948 338 4028 Daphnis
352 3969 399 4009 rna
413 3952 509 4010 mains
524 3953 580 4011 urit
596 3972 604 4022 ;
632 3972 689 4032 ego
704 3954 781 4013 hanc
795 3955 824 4013 in
838 3955 996 4034 Daphnide
1011 3957 1137 4017 laurum.

200 4042 312 4103 Ducite
327 4046 364 4102 ab
380 4046 453 4102 urbe
467 4044 596 4117 domum,
612 4065 679 4104 mea
692 4048 950 4120 carmina,1ducite
964 4049 1117 4127 Daphnin.

238 4136 323 4194 Talis
337 4156 420 4195 amor
432 4136 583 4214 Daphnin,
600 4138 706 4214 qualis,
723 4159 813 4214 quum
828 4140 907 4197 sessa
916 4141 1078 4215 juvencum
1146 4146 1185 4203 85

199 4227 261 4289 Per
273 4248 396 4288 nemora
410 4237 499 4307 atqua
514 4229 591 4289 altos
602 4220 765 4307 ¹quaereudo
779 4232 889 4290 bucula
902 4233 987 4294 lucca
