2692 5122
523 809 701 859 EMIDOS
720 812 792 860 utu
805 811 836 861 Χ.

166 1022 170 1027 ¹
224 950 291 1009 Nec
305 950 442 1009 Turnum
455 951 557 1028 segnis
569 951 678 1010 retinet
691 970 797 1020 mora;
819 949 873 1009 sed
887 950 964 1028 rupit
978 967 1050 1012 acer

184 1043 293 1103 Totam
308 1045 403 1103 aciem
417 1045 447 1103 in
460 1045 609 1117 Teucros,
625 1055 655 1104 et
671 1047 778 1104 contri
790 1046 821 1102 in
835 1045 932 1103 littore
946 1045 1031 1105 sistit.

185 1134 278 1216 Signa
292 1147 413 1198 canunt.
454 1138 573 1197 Primus
587 1147 700 1197 turmas
714 1139 822 1197 invasit
836 1146 972 1215 agrestes

184 1231 314 1303 AEnees,
331 1251 418 1290 omen
431 1251 551 1310 pugnae,
568 1233 731 1309 stravitque
745 1231 882 1303 Latinos,
967 1288 971 1297 ,

185 1325 294 1386 Occiso
307 1328 459 1400 Therone,
475 1326 570 1387 virum
585 1309 636 1405 qui
649 1329 795 1387 maximus
811 1328 889 1386 ultro
931 1310 937 1321 ⁸

184 1420 308 1479 AEnean
325 1422 419 1499 petit:
441 1423 511 1480 huic
525 1422 635 1500 gledio,
652 1441 765 1500 perque
781 1440 861 1480 terea
880 1429 957 1492 suta,

184 1511 243 1571 Per
256 1512 388 1572 tunicam
404 1515 590 1591 squalentem
605 1534 690 1586 auro,
706 1516 784 1579 latus
797 1514 896 1573 haurit
911 1521 1055 1591 apertum.

186 1602 256 1664 lade
269 1606 387 1666 Lichan
401 1608 480 1679 serit,
496 1618 651 1667 exsectum
660 1609 723 1684 jam
737 1617 832 1666 matre
847 1607 1008 1684 perempti,

183 1697 222 1757 Et
234 1700 298 1771 tihi,
315 1699 440 1772 Phoebe,
456 1721 586 1773 sacrum,
601 1721 691 1760 casus
705 1701 835 1760 evadere
850 1700 921 1758 ferri

184 1789 273 1859 Quod
287 1792 369 1852 licuit
384 1814 486 1872 parvo.
528 1795 556 1853 N
559 1815 594 1853 ec
608 1794 697 1872 longe
713 1794 823 1853 Cissea
835 1792 954 1864 durum,

184 1882 404 1962 immanemque
418 1888 519 1964 Gyan,
535 1899 704 1947 sternentes
718 1887 839 1965 agmina
852 1885 951 1957 clausi,

183 1976 300 2054 Dejecit
315 1980 385 2039 leto.
427 1982 509 2039 Nihil
523 1983 590 2040 illos
604 1982 750 2040 Herculis
764 1999 858 2052 arma,

183 2069 248 2130 Nec
263 2072 369 2131 validm
379 2072 486 2150 juvere
501 2095 617 2147 manus,
633 2075 811 2152 genitorque
824 2073 1005 2151 Melampus,

182 2164 295 2224 Alcidae
310 2186 421 2239 comes,
439 2189 532 2244 usque
549 2188 659 2247 graves
674 2168 744 2226 dum
757 2177 840 2226 terra
853 2168 973 2225 labores

182 2255 323 2343 Praebuit.
364 2261 448 2319 Ecce
463 2262 573 2333 Pharo,
590 2280 681 2320 voces
695 2261 764 2318 dum
774 2262 871 2336 jactat
885 2260 1009 2332 inertes,

183 2350 360 2430 latorquens
369 2357 503 2431 jaculum
517 2357 658 2415 clamanti
672 2356 749 2414 sistit
763 2356 792 2413 in
807 2374 870 2414 ore.

182 2444 230 2503 Tu
245 2467 374 2523 quoque,
391 2449 550 2508 flaventem
565 2447 661 2525 primia
673 2448 815 2525 lanugine
830 2447 925 2505 malas

183 2535 262 2597 Dum
276 2542 412 2617 sequeris
427 2541 560 2619 Clytium
573 2542 685 2613 infelix,
701 2560 779 2599 nova
792 2539 914 2616 gaudia,
931 2538 1051 2616 Cydon,

182 2630 337 2691 Dardaniis
349 2644 461 2692 stratus
475 2634 589 2706 dextri,
606 2654 732 2692 securus
748 2652 892 2703 amorum,
963 2668 965 2680 ·

183 2723 242 2791 Qui
251 2727 395 2802 juvenum
408 2729 462 2787 tihi
476 2749 593 2806 semper
605 2737 703 2799 erant,
719 2726 897 2798 miserande,
909 2726 1040 2801 jaceres,

182 2817 221 2876 Ni
234 2819 359 2879 fratrum
372 2822 482 2899 stipata
496 2823 603 2881 cohors
618 2822 693 2880 soret
708 2821 805 2892 obvia,
820 2820 932 2879 Phorci

181 2909 345 2990 Progenies
359 2934 367 2983 ;
390 2924 504 2992 septem
518 2935 641 2973 numero
655 2924 840 2992 septenaque
855 2915 916 2972 tela

181 3002 352 3082 conjiciunt
369 3026 375 3063 :
400 3009 506 3084 partim
519 3007 609 3085 galeis
622 3009 788 3085 clypeoque
805 3007 951 3066 resultant

181 3096 268 3157 Irrita
284 3120 293 3169 3
317 3100 437 3159 deflexit
453 3102 559 3178 partim
574 3102 751 3178 stringentia
765 3120 873 3177 corpus

180 3193 265 3251 Alma
279 3193 397 3251 Venus.
440 3194 547 3252 Fidum
560 3196 681 3252 AEneas
695 3195 804 3252 affatur
816 3194 956 3252 Achaten
971 3212 978 3250 :

181 3286 315 3364 Suggere
330 3288 391 3345 tela
404 3287 485 3357 mihi,
501 3307 560 3345 non
576 3288 666 3345 ullum
680 3287 805 3345 dextera
819 3286 930 3344 frustra

179 3376 313 3437 Torserit
328 3380 357 3437 in
371 3380 512 3450 Rutulos,
529 3387 673 3437 steterunt
689 3398 756 3455 qum
771 3379 800 3436 in
819 3398 946 3455 corpore
960 3374 1088 3437 Graiitm
1107 3444 1110 3452 Ι

179 3469 279 3530 Iliacis
293 3475 415 3550 campis.
458 3472 536 3530 Tum
550 3492 687 3549 magnam
701 3472 821 3547 corripit
836 3472 963 3543 hastam,
1106 3473 1167 3532 ³³6

178 3563 217 3622 Et
227 3565 301 3641 jacit
316 3585 323 3622 :
346 3567 397 3624 illa
412 3567 515 3624 volans
530 3565 627 3641 clypei
641 3566 865 3622 transverberat
880 3584 942 3622 asra

178 3655 314 3729 Maeonis,
331 3668 359 3717 et
373 3660 499 3717 thoraca
512 3659 599 3716 simul
613 3676 682 3715 cum
695 3666 815 3734 pectore
830 3657 947 3736 rumpit.

178 3750 261 3808 Huic
275 3751 368 3810 frater
381 3753 459 3810 subit
474 3752 619 3822 Alcanor,
636 3751 818 3827 fratremque
833 3760 969 3811 ruentem

179 3843 331 3903 Sustentat
345 3845 451 3905 dextris
466 3865 473 3903 ε
495 3847 622 3922 trajecto
635 3846 728 3904 misse
741 3846 854 3904 lacerto

176 3935 325 3996 Protenus
339 3939 426 3997 hasta
440 3941 526 4019 sugit,
543 3950 703 4016 servatque
719 3949 846 3997 cruenta
858 3948 993 3999 tenorem
1006 3958 1016 4012 ς
1104 3941 1165 4000 840

176 4029 372 4107 Dexteraque
386 4053 424 4091 ex
437 4034 561 4093 humero
575 4034 674 4092 nervis
688 4032 864 4090 moribunda
878 4032 1025 4110 pependit.

176 4122 255 4182 Tum
269 4124 417 4197 Numitor,
429 4128 532 4202 jaculo
546 4127 646 4184 fratris
660 4126 697 4183 de
712 4144 837 4203 corpore
852 4134 946 4202 rapto,

177 4213 297 4274 AEneau
312 4218 395 4293 petiit
411 4238 419 4287 ;
442 4220 494 4277 sed
509 4239 568 4276 non
582 4227 612 4277 et
626 4219 719 4296 figere
734 4219 840 4277 contri

175 4307 231 4368 Est
245 4310 369 4381 licitum,
386 4311 545 4388 magnique
560 4311 655 4369 femur
669 4312 838 4387 perstrinxit
852 4312 988 4372 Achatae.

175 4399 239 4461 Hic
253 4401 398 4475 Curibus,
414 4403 508 4462 fidens
523 4404 661 4481 primaevo
676 4424 812 4482 corpore,
829 4405 961 4464 Clausus
1101 4405 1162 4469 ³⁴5

175 4495 314 4568 Advenit,
331 4506 359 4555 et
375 4497 472 4576 rigidis
485 4498 639 4576 Dryopem
653 4498 719 4557 serit
734 4499 848 4556 eminus
863 4497 951 4557 hasti

176 4589 238 4648 Sub
251 4599 394 4664 mentum,
409 4592 542 4670 graviter
556 4589 670 4670 pressis,
685 4592 854 4669 pariterque
868 4591 1016 4670 loquentis
