2692 5122
184 380 240 437 184
467 373 493 418 P.
516 372 682 420 VIRGILII
698 369 872 419 Mauoms
893 409 895 413 .

179 512 273 571 Hunc
288 531 362 589 cape
378 512 509 570 consiliis
523 511 646 581 socium,
664 518 693 568 et
706 510 856 586 conjunge
870 506 1028 566 volentem.
1061 566 1067 575 ,

180 605 262 663 Huic
277 605 361 663 trade
377 606 493 664 amissis
508 613 648 681 superant
664 604 714 680 qui
727 603 864 673 navibus,
881 609 910 660 et
925 620 1000 678 quos

179 700 345 758 Pertaesum
360 701 459 778 magni
476 699 586 777 incepti
599 717 760 773 rerumque
774 706 892 755 tuarum
906 704 952 755 est
966 715 975 766 ;

178 793 408 872 Longaevosque
423 813 522 865 senes,
540 813 576 850 ac
590 793 685 850 fessas
701 810 821 868 aequore
835 798 956 862 matres,
1110 792 1169 861 'lid

179 887 219 946 Et
235 886 376 964 quidquid
390 895 490 945 tecum
505 886 667 944 invalidum
679 895 874 960 metuensque
888 884 993 961 pericli
1006 891 1063 957 est,

178 981 289 1059 Delige
303 1000 311 1049 ;
336 973 425 1039 ethis
439 981 569 1038 habeant
583 979 681 1050 terris,
698 979 773 1050 sine,
790 978 901 1036 moenia
913 978 994 1037 sessi.

179 1073 291 1132 Urbem
307 1074 497 1151 appellabunt
512 1073 656 1151 permisso
670 1071 787 1129 nomine
802 1073 954 1131 Acestam.

218 1168 345 1225 Talibus
359 1167 500 1224 incensus
515 1166 600 1224 dictis
614 1165 741 1223 senioris
755 1164 861 1222 amici:

178 1260 257 1319 Tum
272 1260 343 1318 verb
359 1260 388 1317 in
403 1279 493 1319 curas
508 1261 636 1317 animum
650 1258 799 1316 diducitur
812 1276 925 1317 omnes.
1108 1259 1169 1319 ¹120

179 1353 219 1413 Et
233 1374 291 1413 nox
306 1362 372 1412 atra
387 1355 486 1433 polum
499 1354 577 1431 bigis
591 1354 736 1410 subvecta
749 1353 890 1409 tenebat:

178 1447 254 1506 Visa
269 1447 376 1506 dehinc
391 1448 468 1506 coelo
483 1447 576 1505 facies
591 1446 714 1523 delapsa
729 1445 860 1522 parentis

178 1542 319 1599 Anchisae
334 1540 431 1598 subitd
446 1541 523 1598 tales
537 1539 690 1598 effundere
705 1558 816 1597 voces:

178 1634 207 1693 N
210 1642 269 1705 ate,
287 1634 357 1691 mihi
371 1633 431 1692 vitri
447 1633 605 1710 quondam,
622 1633 691 1691 dum
705 1633 766 1690 rita
780 1634 929 1706 manebat,

179 1727 261 1788 Care
276 1727 382 1806 magis,
399 1737 479 1799 uate,
497 1728 596 1785 Iliacis
611 1727 741 1785 exercite
757 1727 835 1798 satis,
1110 1728 1168 1789 'le

179 1821 308 1900 Imperio
322 1822 408 1880 Jovis
422 1823 481 1881 huc
496 1823 592 1893 venio,
610 1822 659 1898 qui
675 1821 822 1880 classibus
836 1821 936 1899 ignem

177 1916 312 1994 Depulit,
330 1924 358 1974 et
373 1918 451 1976 coelo
464 1917 586 1977 tandem
600 1917 758 1974 miseratus
772 1917 810 1973 ab
825 1917 884 1973 alto
897 1924 953 1976 est.

179 2009 322 2070 Consiliis
337 2030 419 2088 pare,
438 2030 504 2086 quae
520 2030 599 2068 nunc
614 2010 814 2087 pulcherrima
828 2010 945 2069 Nautes

177 2104 240 2162 Dat
255 2105 376 2162 senior:
399 2105 494 2165 lectos
510 2105 649 2180 juvenes,
666 2103 825 2161 fortissima
840 2103 942 2176 corda,

177 2198 274 2258 Defer
286 2199 316 2256 in
330 2199 456 2256 Italiam.
501 2199 585 2257 Gens
599 2198 674 2255 dura
688 2203 777 2273 atque
792 2217 901 2276 aspera
915 2197 997 2257 cultu
1108 2198 1168 2258 700

178 2291 368 2350 Debellanda
380 2292 431 2349 tibi
447 2291 535 2349 Latio
551 2300 605 2356 est.
647 2291 728 2348 Ditis
743 2299 842 2349 tamen
857 2290 927 2350 antd

178 2382 315 2442 Infernas
330 2385 441 2442 accede
457 2385 569 2455 domos,
586 2391 615 2441 et
629 2385 752 2443 Averna
766 2405 819 2462 per
833 2385 895 2443 alta

179 2475 371 2555 Congressus
386 2487 464 2554 pote,
482 2487 561 2548 nate,
578 2497 670 2536 meos.
714 2479 742 2536 N
745 2499 783 2536 on
797 2498 844 2537 me
858 2478 947 2555 impia
960 2496 1090 2556 namquo

177 2569 307 2628 Tartara
321 2572 441 2642 habeut,
457 2572 556 2630 tristes
571 2574 682 2630 umbrae
696 2592 704 2641 ;
728 2572 781 2630 sed
796 2591 915 2631 amoena
933 2573 1049 2650 piorum

178 2663 317 2723 Concilio
330 2664 526 2741 Elysiumque
542 2666 618 2724 colo.
661 2666 733 2724 Huc
749 2675 834 2724 casta
848 2667 962 2744 Sibylla
1108 2667 1166 2726 tao

177 2756 340 2834 Nigrorum
355 2759 447 2815 multo
462 2759 608 2835 pecudum
622 2768 651 2817 te
667 2761 813 2837 sanguine
828 2760 927 2819 ducet.

176 2852 255 2910 Tum
269 2873 365 2931 genus
380 2873 465 2912 omne
479 2864 574 2926 tuum,
591 2865 620 2913 et
636 2877 702 2932 quae
717 2857 824 2914 dentur
841 2856 963 2927 moenia,
979 2855 1088 2916 disces.

176 2946 305 3022 Jamque
321 2949 406 3005 vale:
429 2957 548 3025 torquet
563 2949 675 3008 medios
690 2970 748 3007 uox
762 2950 882 3007 humida
896 2969 1024 3020 cursus,

176 3040 216 3097 Et
231 3060 277 3098 me
293 3061 391 3099 saevus
406 3044 491 3119 equis
505 3043 615 3100 Oriens
629 3044 740 3101 afflavit
756 3044 880 3102 anhelis.

120 3142 122 3146 ’
176 3131 314 3205 Dixerat,
332 3145 359 3193 et
372 3145 478 3194 tenues
493 3137 578 3215 sugit,
595 3157 651 3195 ceu
666 3138 774 3208 sumus,
790 3138 820 3194 in
835 3157 933 3196 auras.
1108 3139 1167 3196 ⁷40

175 3227 306 3299 AEneas,
324 3229 393 3295 Quo
409 3230 515 3288 deinde
530 3232 617 3288 ruis?
641 3231 698 3306 qud
715 3232 839 3308 proripis
855 3231 865 3287 ?
888 3230 1004 3307 inquit;

177 3320 276 3386 Quem
292 3322 369 3398 sugis
386 3322 396 3376 ?
419 3332 469 3380 aut
486 3324 551 3399 quis
564 3333 594 3380 te
609 3326 717 3382 nostris
733 3324 935 3401 complexibus
949 3323 1058 3383 arcet?

176 3413 254 3471 Haec
269 3433 448 3485 memorans,
466 3416 596 3472 cinerem
612 3427 640 3474 ot
655 3420 766 3496 sopitos
781 3419 906 3476 suscitat
920 3418 1006 3495 ignes
1020 3437 1029 3489 ;

175 3506 435 3584 Pergameumque
449 3507 571 3579 Larem,
588 3519 617 3567 et
632 3531 716 3569 canae
732 3512 897 3588 penetralia
909 3511 1024 3584 Vestae,

175 3599 202 3659 F
204 3620 271 3658 arre
287 3601 334 3676 pio
350 3609 378 3657 et
394 3599 482 3676 pleuti
496 3603 619 3679 supplex
634 3616 796 3663 veneratur
810 3607 926 3664 acerra.
1108 3605 1166 3665 tto

215 3694 373 3769 Extemplo
388 3695 485 3753 socios
501 3697 684 3773 primumque
700 3699 826 3757 arcessit
840 3701 974 3757 Acesten
988 3718 996 3769 3

175 3784 216 3843 Et
229 3786 314 3843 Jovis
328 3786 480 3863 imperium
494 3799 523 3846 et
538 3791 601 3849 cari
616 3801 765 3870 praecepta
781 3793 913 3870 parentio

175 3878 302 3949 Edocet,
320 3891 348 3938 ct
365 3902 430 3957 quae
446 3902 524 3941 nunc
540 3885 637 3943 animo
651 3888 799 3944 sententia
813 3895 938 3946 constet.

175 3971 268 4029 Haud
283 3992 367 4032 mora
382 3977 524 4048 consiliis,
539 3999 595 4036 nec
613 3979 697 4054 jussa
713 3990 833 4038 recusat
848 3983 986 4040 Acestes.

174 4064 393 4126 Transcribunt
409 4070 474 4127 urbi
487 4080 608 4142 matres,
625 4075 824 4150 populumque
839 4075 988 4134 volentem
1109 4076 1165 4137 760

175 4157 347 4237 Deponunt,
365 4163 478 4222 animos
493 4166 532 4223 nil
547 4186 664 4245 magnas
678 4167 775 4226 laudis
791 4176 925 4246 egentes.
