2692 5122
219 379 260 439 40
520 368 724 417 1³.vtnc1n11
742 366 913 415 mnnonts

260 510 380 570 Idcirco
393 509 483 568 certis
497 508 661 567 dimensum
679 507 813 585 pertibus
826 507 929 565 orbem

220 604 281 664 Per
293 603 431 662 duodena
444 602 522 680 regit
535 600 636 659 mundi
648 601 693 659 sol
707 618 818 658 sursus
831 607 923 657 astru.

222 697 363 774 Quinque
376 703 478 754 tenent
493 695 602 753 eoelum
615 711 699 752 zutrae
716 712 725 762 ;
750 710 874 769 querum
888 710 947 748 unu
961 708 1088 749 corusco

222 791 346 867 Semper
359 789 422 847 sole
436 789 558 858 rubens,
574 796 603 846 et
617 786 729 845 torridu
742 804 860 863 semper
873 786 911 842 sb
926 783 988 862 igni
1003 802 1010 840 ε

221 883 323 951 Quem
336 881 450 940 circum
463 890 601 940 extremae
616 877 722 938 dextri
735 877 872 955 leveque
884 877 1053 948 trahuntur,

223 973 366 1035 Caeruled
379 973 477 1052 glacie
492 980 641 1031 concrete
656 980 745 1048 utque
760 971 903 1029 imbribus
916 960 1010 1028 atris:

220 1066 291 1126 Hes
310 1066 387 1124 inter
400 1066 597 1141 mediamque,
613 1064 679 1123 duae
694 1063 867 1122 mortalibus
881 1061 970 1140 aegris

221 1159 350 1219 Munere
365 1179 518 1219 concessae
532 1155 632 1217 diutim
647 1177 655 1228 ;
678 1159 727 1216 vie
740 1167 824 1216 seete
839 1176 892 1234 per
906 1157 1021 1228 ambus,

222 1250 369 1329 Obliquus
385 1250 445 1330 qui
459 1272 491 1311 se
506 1252 658 1330 signorum
672 1259 801 1309 verteret
815 1251 897 1309 ordo.

221 1345 363 1417 Mundus,
380 1353 411 1404 ut
426 1345 462 1403 nd
477 1345 630 1423 Scythium
643 1344 846 1422 Rhiprensque
861 1342 973 1402 nrduus
987 1361 1073 1402 orces

223 1438 396 1517 Consurgit,
413 1439 555 1517 premitur
566 1437 673 1515 Libyae
687 1438 820 1496 devexus
834 1437 863 1495 in
878 1444 1005 1496 austros.

222 1531 285 1591 Hie
299 1539 401 1590 vertex
415 1532 500 1590 nobis
514 1551 632 1610 semper
645 1531 780 1589 sublimis
795 1549 803 1587 ι
826 1537 856 1587 et
870 1530 952 1587 illum

223 1625 284 1683 Sub
299 1624 424 1701 pedibus
438 1626 511 1701 Styx
526 1633 592 1682 utre
606 1624 694 1696 videt,
710 1622 878 1698 Manesque
893 1621 1038 1701 profundi.

222 1717 372 1777 Maximus
385 1716 435 1776 hic
449 1718 527 1777 flexu
541 1718 662 1776 sinuoso
676 1717 803 1775 elabitur
816 1717 934 1794 Anguis
989 1776 992 1782 ,

224 1810 358 1882 circum,
374 1830 488 1888 perque
503 1812 576 1869 dues
592 1811 620 1869 in
635 1830 745 1868 morem
760 1810 887 1868 fluminis
901 1811 1021 1882 Arctos,

221 1902 332 1962 Arctos
346 1903 453 1961 oceani
466 1911 630 1963 metuentes
646 1922 766 1980 aequore
780 1903 863 1981 tingi.

165 2050 172 2059 ,
223 1992 299 2066 Illic,
316 2004 347 2054 ut
367 1996 533 2074 perhibent,
551 2003 601 2054 eut
615 1995 792 2074 intempeste
805 1996 873 2054 silet
888 2014 947 2054 nox

223 2088 347 2166 Semper
357 2097 390 2147 et
404 2087 527 2147 obtentd
539 2089 702 2147 densantur
714 2097 802 2147 nocte
817 2091 949 2148 tenebrae
965 2108 974 2159 ;

222 2180 283 2239 Aut
298 2181 373 2238 redit
388 2201 406 2239 e
420 2182 504 2240 uobis
518 2183 648 2252 Aurorn,
665 2182 801 2258 diemque
816 2181 932 2240 reducit
949 2201 957 2251 ;

223 2272 348 2350 Nosque
362 2273 414 2331 ubi
431 2273 541 2350 primus
557 2274 643 2350 equis
656 2273 766 2332 Oriens
780 2274 891 2331 efflavit
906 2273 1030 2346 anhelis,

224 2364 291 2425 Illic
304 2386 374 2425 sere
387 2368 499 2424 rubens
512 2366 649 2424 accendit
663 2366 775 2425 lumina
788 2366 915 2444 Vesper.

223 2458 307 2519 Hinc
324 2467 517 2536 tempestates
531 2459 620 2516 dubio
634 2459 814 2537 praediscere
829 2460 906 2519 coelo

223 2553 398 2624 Possumus,
415 2553 484 2610 hinc
497 2551 663 2628 messisque
678 2552 765 2623 diem,
781 2562 958 2631 tempusque
972 2553 1091 2613 serendi
1106 2573 1114 2625 ;

223 2647 265 2705 Et
280 2645 398 2723 quando
413 2645 534 2703 infidum
549 2645 638 2703 remis
653 2645 804 2722 impellere
819 2666 948 2705 marmor

225 2738 393 2801 Conveniat
409 2757 417 2808 3
442 2738 558 2815 quando
578 2747 709 2797 armatas
722 2738 871 2797 deducere
885 2740 1011 2813 clesses,

224 2833 286 2891 Aut
299 2831 504 2908 tempestivum
518 2831 599 2889 silvis
613 2840 748 2890 evertere
764 2832 872 2910 pinum.

264 2925 292 2983 N
295 2945 331 2983 ec
346 2924 456 2982 frustra
470 2925 623 3003 signorum
637 2925 734 2983 obitus
749 2927 939 3003 speculamur
952 2935 982 2985 et
996 2935 1089 2998 onus,

223 3016 482 3094 Temporibusque
497 3037 598 3095 parem
612 3017 737 3075 diversis
752 3028 878 3095 quatuor
893 3039 1011 3079 anuum.

224 3109 365 3189 Frigidus
379 3111 543 3189 agricolum
557 3111 583 3169 si
597 3111 715 3188 quando
730 3111 860 3171 continet
875 3113 977 3185 imber,

224 3203 331 3276 Mults,
349 3204 445 3262 forent
460 3223 526 3281 quse
541 3223 608 3261 mox
622 3204 699 3262 coelo
715 3205 902 3281 properanda
915 3224 1033 3278 sereno,

223 3294 379 3353 Maturare
395 3296 483 3353 detur
499 3314 506 3351 τ
529 3295 634 3352 durum
649 3296 783 3372 procudit
798 3306 900 3355 uretur

224 3387 363 3445 Vomeris
377 3387 475 3445 obtusi
488 3387 607 3444 dentem
622 3408 630 3455 ;
655 3397 741 3446 cavat
763 3392 870 3448 arbore
884 3391 987 3450 lintres
1003 3410 1011 3460 ;

225 3481 286 3538 Aut
301 3480 402 3556 pecori
415 3479 541 3556 signum,
559 3488 608 3537 sut
623 3499 762 3539 numeros
777 3482 923 3560 impressit
938 3483 1064 3543 acervis.

226 3572 386 3633 Exacuunt
400 3572 451 3629 elii
465 3572 558 3630 vallos
572 3572 732 3650 furcasque
748 3575 897 3648 bicornes,

225 3667 325 3742 Atque
339 3665 482 3723 Amerina
495 3677 599 3743 perant
614 3668 702 3726 lentae
716 3669 882 3728 retinacula
896 3669 956 3730 viti.

225 3757 255 3817 N
257 3778 316 3816 une
329 3757 425 3816 facilis
439 3758 534 3818 rubed
546 3769 664 3818 texatur
679 3761 784 3819 fiscina
799 3761 885 3840 virgi
900 3782 908 3834 ς

226 3849 255 3909 N
258 3870 316 3909 une
329 3859 440 3910 torrete
455 3853 516 3930 igni
529 3854 641 3932 fruges,
657 3874 737 3913 nuuc
751 3855 878 3933 frangite
893 3876 974 3916 saxo.

266 3943 385 4021 Quippe
400 3946 489 4003 etism
503 3947 585 4005 sestis
602 3948 737 4024 quaedam
751 3968 893 4007 exercere
907 3949 1014 4009 diebus

226 4035 288 4095 Fas
302 4050 331 4095 et
341 4038 412 4114 jure
426 4040 523 4098 sinunt
539 4059 546 4097 r
569 4041 648 4099 rivos
662 4041 810 4099 deducere
826 4041 908 4098 nulla

226 4131 346 4210 Religio
361 4134 463 4206 vetuit,
479 4135 575 4213 segeti
588 4135 773 4213 praetendere
788 4153 901 4213 sepem,
