2692 5122
190 380 247 438 110
467 374 493 421 Ρ.
519 374 685 423 visurus
708 374 881 423 Mesenis

223 516 281 574 Est
295 515 325 573 in
339 522 501 591 conspeetu
515 512 666 583 Tenedos,
681 513 835 575 notissima
848 511 929 573 samri

186 609 300 680 Insula,
317 608 400 665 dives
413 625 512 684 opum,
527 606 639 665 Priami
655 605 725 667 dum
738 626 833 684 regna
846 606 1006 665 manebant
1020 626 1027 675 ;

185 703 214 762 N
217 722 276 761 une
288 701 401 760 tantum
416 701 510 771 sinus,
526 709 555 757 et
570 699 749 759 nationale
764 700 823 759 lida
837 700 954 759 earinis.

184 794 258 854 Huc
272 814 305 855 se
320 795 453 872 provecti
467 794 586 852 deserto
600 794 629 851 in
643 794 741 852 littore
756 794 895 855 condunt.

185 889 214 949 N
216 909 250 948 os
264 889 374 946 abiisse
388 887 456 958 reti,
473 897 502 944 et
517 895 605 945 rento
620 887 740 963 petiisse
754 886 928 985 Mycenas.-

184 982 269 1061 Ergo
283 981 377 1039 omnis
390 980 480 1058 longo
495 980 581 1038 solvit
596 998 629 1037 se
643 980 776 1039 Teucria
789 980 880 1039 luctu.

184 1074 358 1132 Panduntur
373 1081 464 1149 portae
478 1093 486 1142 ;
510 1073 595 1148 juvat
609 1073 663 1143 ire,
680 1082 710 1131 et
723 1073 839 1133 Dorica
852 1083 963 1145 costra,

184 1166 390 1242 Desertosque
405 1166 506 1223 videre
521 1167 614 1236 locos,
630 1167 772 1243 littusque
786 1167 930 1226 relictum.

183 1258 247 1319 Hie
259 1259 408 1337 Dolopum
422 1279 538 1331 manus,
554 1259 605 1318 hlc
619 1280 717 1321 saevus
729 1261 870 1323 tendebat
883 1259 1018 1321 Achilles
1032 1279 1041 1330 ;

184 1353 343 1413 Classibus
356 1352 406 1411 hic
421 1355 505 1411 locus
521 1372 529 1422 ;
551 1353 601 1412 hic
616 1354 682 1412 acie
696 1366 813 1415 certare
827 1354 972 1417 solebant.
1030 1416 1033 1421 ,

183 1446 259 1505 Pars
274 1454 371 1523 stupet
386 1448 515 1523 innuptae
530 1446 638 1503 donum
652 1446 770 1503 exitiale
784 1446 939 1517 Minervas,

182 1539 223 1597 Et
237 1539 343 1596 molem
358 1539 500 1595 mirantur
513 1539 603 1614 equi:
627 1539 796 1615 primusque
811 1539 985 1615 Thymoetes

182 1630 263 1690 Duci
277 1632 354 1689 intra
369 1651 468 1688 muros
483 1631 627 1701 hortatur,
644 1639 673 1688 et
687 1651 758 1688 arce
772 1632 865 1689 locari
879 1651 886 1700 ;

183 1725 252 1783 Sive
267 1724 344 1795 dolo,
360 1744 414 1781 seu
431 1725 492 1799 jam
506 1724 606 1799 Trojae
621 1725 665 1781 sic
679 1724 740 1782 sata
754 1725 898 1784 ferebant.

181 1820 221 1875 At
237 1817 351 1895 Capys,
366 1826 395 1875 ct
410 1837 533 1891 quorum
548 1817 652 1875 melior
665 1819 813 1875 sententia
827 1820 928 1891 menti,

180 1912 242 1969 Aut
257 1913 363 1990 pelago
376 1908 516 1969 Danaum
530 1910 652 1968 insidias
666 1920 865 1988 suspectaque
880 1904 958 1970 dona

181 2005 372 2083 Praecipitare
389 2005 505 2081 jubent,
522 2005 701 2081 subjectisve
717 2025 804 2062 urere
818 2005 965 2075 flammis;

179 2099 242 2157 Aut
255 2101 409 2157 terebrare
424 2118 515 2157 cavas
529 2098 606 2157 uteri
619 2106 647 2156 et
661 2106 778 2155 tentare
792 2098 931 2157 latebras.

182 2192 332 2249 Scinditur
346 2193 493 2249 incertum
508 2191 605 2249 studia
620 2191 648 2249 in
664 2191 813 2248 contraria
828 2191 945 2269 vulgus.

219 2286 337 2344 Primus
351 2287 391 2344 ibi
406 2301 474 2345 ante
489 2306 601 2356 ornnes,
617 2283 727 2362 magud
741 2285 899 2342 comitante
913 2283 1046 2356 catervis,

179 2380 323 2438 Laocoon
338 2381 446 2439 ardens
460 2378 576 2437 summai
589 2379 720 2437 decurrit
735 2380 772 2436 ab
787 2398 857 2437 arce
872 2398 879 2448 3

180 2472 220 2530 Et
235 2474 357 2548 procul:
380 2474 408 2532 Ο
422 2473 532 2541 miseri,
550 2490 616 2546 quse
629 2480 712 2529 tanta
727 2472 853 2542 insanis,
870 2472 952 2531 cives
969 2472 980 2529 ἓ

180 2564 311 2624 Creditis
325 2575 447 2625 avectos
461 2563 585 2622 hostes?
608 2572 657 2621 aut
672 2564 733 2621 ulla
747 2565 857 2641 putetis

179 2656 269 2715 Dona
283 2678 387 2717 carere
402 2658 477 2717 dolis
491 2653 655 2714 Denarim?
677 2657 721 2714 sie
735 2665 821 2714 notus
835 2656 961 2734 Ulyssos
975 2658 986 2715 ἓ

179 2752 238 2809 Aut
253 2753 310 2810 hoc
326 2751 432 2810 inclusi
446 2750 526 2827 ligno
540 2750 729 2807 occultantur
742 2750 851 2808 Achivi
866 2769 873 2818 ;

179 2846 240 2903 Aut
254 2846 319 2903 haec
334 2845 363 2902 iu
377 2852 495 2901 nostros
509 2843 653 2901 fabricata
667 2851 713 2900 est
727 2843 865 2901 machina
878 2862 989 2916 muros,

180 2936 356 3015 Inspectum
370 2937 482 3007 domos,
498 2944 683 3012 venturaque
703 2935 833 3013 desuper
846 2936 912 2994 urbi
925 2955 933 3006 ;

178 3033 239 3088 Aut
254 3031 361 3107 aliquis
374 3031 446 3088 latet
460 3048 563 3087 error:
587 3048 665 3106 equo
679 3047 716 3087 ne
731 3028 854 3100 credite,
869 3029 991 3089 Teucri.

179 3123 330 3200 Quidquid
345 3124 374 3182 id
388 3131 443 3194 est,
459 3123 549 3182 timeo
562 3123 687 3181 Danaos
700 3131 730 3179 et
744 3121 821 3180 dona
835 3122 973 3182 serentes.

178 3216 228 3274 Sic
243 3217 331 3287 fatus,
349 3216 453 3274 validis
468 3217 618 3297 ingentem
630 3216 742 3274 viribus
755 3215 873 3275 hastam

179 3307 305 3365 Inlotus
319 3309 408 3382 inque
423 3308 478 3365 seri
492 3328 614 3365 currem
628 3308 821 3385 compagibus
835 3309 933 3368 alvum

178 3398 352 3458 Contorsit:
374 3400 455 3457 stetit
469 3400 520 3457 illa
534 3410 673 3469 tremens,
689 3409 834 3477 uteroque
849 3421 972 3461 recusso

178 3489 342 3550 insonuere
357 3512 439 3551 carm
454 3492 654 3571 gemitumque
668 3493 778 3551 dedere
792 3515 940 3557 osvernoe.

176 3584 226 3656 Et,
243 3584 269 3643 si
282 3585 344 3642 fata
357 3583 455 3656 desim,
472 3586 497 3643 si
511 3605 594 3643 mens
607 3605 665 3643 non
680 3586 756 3645 laeva
770 3588 885 3660 suisset,

176 3676 339 3754 Impulerat
353 3679 432 3736 ferro
445 3679 605 3757 Argolicas
619 3679 732 3737 soedare
747 3681 878 3741 latebras
893 3701 901 3739 :
1122 3685 1163 3743 5⁶

176 3769 340 3845 Troiaque,
356 3791 436 3829 nunc
450 3780 546 3829 stares
560 3792 568 3842 ;
592 3772 764 3849 Priamique
779 3794 832 3833 srx
847 3775 918 3846 alta,
935 3794 1083 3845 maneres,

215 3864 299 3921 Ecca
314 3884 419 3922 manus
435 3865 577 3939 juvenem
591 3867 706 3924 interea
720 3875 785 3944 post
799 3876 885 3945 terga
898 3870 1066 3931 revinctum

175 3955 317 4014 Pastores
330 3976 439 4035 magno
454 3957 490 4015 ad
504 3976 608 4035 regem
621 3960 751 4019 elamore
765 3961 923 4021 trahebant

174 4047 356 4107 Dardanides
373 4068 380 4118 ;
407 4050 503 4126 quise
517 4051 649 4128 ignotum
663 4054 850 4111 venientibus
864 4054 953 4127 ultro,

174 4140 246 4202 Hoc
260 4142 356 4221 ipsum
371 4152 402 4201 ut
416 4151 554 4217 strueret,
571 4142 753 4222 Trojsmque
767 4146 897 4223 aperiret
911 4149 1052 4241 Achivis,
1122 4142 1162 4201 ⁶⁰
