2692 5122
518 800 695 849 AENEIDOS
715 800 785 848 un
802 803 834 848 V.

184 941 303 1000 irrisam
316 940 383 997 sine
397 940 508 998 honore
523 947 618 998 ratem
632 942 791 1019 Sergestus
806 941 921 1018 agebat.

183 1034 286 1104 Qualis
301 1033 382 1111 saepd
398 1033 453 1092 vim
467 1032 631 1110 deprensus
645 1035 675 1093 in
690 1053 802 1111 aggere
816 1054 951 1110 serpens,

183 1129 276 1195 AErea
291 1149 379 1207 quem
395 1130 545 1206 obliquum
559 1139 625 1188 rota
638 1131 765 1200 transiit,
782 1139 831 1188 aut
845 1130 947 1208 gravis
961 1130 1021 1188 ictu

182 1225 368 1284 Seminecem
382 1224 466 1300 liquit
480 1244 553 1281 saxo
566 1225 758 1300 lacerumque
774 1223 879 1294 viator,
902 1262 904 1266 ν
1107 1227 1167 1284 075

172 1319 391 1396 Nequidquam
405 1319 510 1396 longos
525 1319 643 1396 fugiens
657 1318 707 1376 dat
722 1338 846 1396 corpore
861 1328 955 1378 tortus
969 1338 977 1388 ;

181 1416 270 1476 Parte
284 1416 379 1486 ferox,
396 1415 562 1490 ardensque
578 1414 683 1485 oculis,
700 1423 729 1472 et
743 1416 830 1472 sibila
844 1415 923 1472 colla

180 1510 301 1569 Arduus
316 1510 454 1567 attollens
468 1529 475 1578 ;
501 1530 570 1587 pars
584 1509 707 1567 uulnere
722 1510 830 1567 clauda
844 1516 973 1567 retentat

180 1604 347 1663 Nexantem
362 1603 456 1674 nodis,
473 1623 565 1679 seque
580 1603 608 1660 in
624 1623 679 1661 sua
692 1605 825 1660 membra
839 1604 1007 1681 plicantetu.

179 1696 246 1755 Tali
261 1697 386 1775 remigio
400 1697 485 1754 navis
499 1715 531 1753 se
545 1697 633 1754 tarda
646 1698 783 1754 mouebat
797 1716 805 1764 ;
1106 1697 1166 1755 aad

180 1790 256 1848 Vela
271 1791 342 1848 lacit
356 1799 466 1861 tamen,
483 1801 512 1848 et
527 1791 601 1848 velis
615 1791 692 1848 subit
708 1791 784 1848 ostia
798 1790 902 1867 plenis.

181 1885 354 1961 Sergestum
367 1884 487 1941 AEneas
502 1885 645 1960 promisso
659 1904 781 1941 munere
796 1883 896 1955 donat,

181 1979 335 2036 Servatam
349 1978 387 2034 ob
402 1995 507 2034 navem
522 1976 608 2035 laetus
622 1978 779 2053 sociosque
794 1978 944 2036 reductos.

179 2071 237 2132 Olli
251 2091 341 2129 serve
356 2070 452 2142 datur,
468 2090 590 2147 operum
604 2071 684 2129 haud
698 2071 805 2149 ignara
819 2070 977 2142 Minervae,

179 2163 293 2225 Cressa
307 2183 412 2242 genus,
427 2164 551 2233 Pholoe,
565 2165 734 2243 geminique
749 2167 803 2222 sub
819 2167 911 2222 ubere
926 2164 997 2224 nati.
1105 2166 1164 2224 285

216 2257 288 2315 Hoc
304 2258 369 2334 pius
382 2256 500 2315 AEneas
514 2258 604 2315 misso
619 2258 781 2314 certamine
796 2258 889 2315 tendit

181 2350 374 2410 Gramineum
386 2350 416 2407 is
431 2369 578 2426 campum,
596 2369 683 2425 quem
698 2350 824 2406 collibus
838 2349 969 2426 undique
984 2351 1084 2408 curvis

181 2442 350 2521 Cingebnnt
364 2443 447 2500 silvae
464 2461 471 2511 ;
496 2440 654 2516 mediisque
669 2441 698 2498 in
712 2442 789 2498 valle
803 2442 912 2498 theatri

180 2534 289 2595 Circus
303 2544 377 2605 erat,
395 2534 455 2610 qud
469 2553 502 2591 se
517 2534 616 2591 multis
629 2553 696 2591 cum
716 2534 844 2591 millibus
858 2535 946 2592 heros

180 2628 332 2690 consessu
349 2629 477 2685 medium
491 2628 568 2697 tulit,
586 2636 797 2703 exstructoque
812 2628 932 2687 resedit.
1105 2632 1165 2689 aad

179 2721 250 2792 Hic,
268 2723 318 2797 qui
333 2722 407 2779 sorte
423 2721 512 2779 velint
527 2721 630 2797 rapido
644 2721 824 2778 contendere
840 2741 941 2793 cursu,

178 2814 285 2874 Invitat
300 2815 402 2892 pretiis
417 2815 540 2884 animos,
557 2822 586 2871 et
601 2815 722 2890 praemia
737 2815 826 2891 ponit.

177 2909 314 2987 Undique
329 2911 508 2967 conveniunt
522 2910 644 2980 Teucri,
661 2910 802 2986 mixtique
818 2911 939 2969 Sicani:

178 3003 268 3062 Nisus
283 3013 311 3061 et
326 3004 477 3079 Euryalus
491 3003 576 3080 primi
591 3022 598 3071 ;

176 3097 329 3175 Euryalus
343 3095 436 3154 sormd
451 3096 575 3201 inriguis
590 3097 733 3173 viridique
750 3097 885 3173 juventsi,
1103 3103 1163 3159 295

177 3190 268 3249 Nisus
284 3210 384 3247 amore
399 3190 447 3300 pio
462 3189 568 3265 pueri;
594 3210 668 3265 quos
680 3191 786 3248 deinde
802 3201 925 3250 secutus

177 3283 292 3362 Regius
306 3283 431 3360 egregia
416 3282 554 3341 Priami
569 3284 605 3340 de
620 3285 711 3359 stirpe
726 3284 858 3341 Diores.

177 3375 267 3434 Hunc
283 3375 392 3446 Salius,
409 3377 495 3433 simul
509 3385 538 3433 et
552 3375 687 3444 Patron;
713 3396 836 3451 quorum
852 3377 929 3433 alter
942 3354 1097 3450 Acarnan,

176 3469 260 3527 Alter
275 3470 313 3526 ab
328 3468 460 3526 Arcadio
474 3469 615 3544 Tegeaeae
630 3469 776 3544 sanguine
791 3469 910 3546 gentis:

176 3560 251 3619 Tum
266 3562 326 3619 duo
339 3561 516 3619 Trinacrii
506 3580 644 3635 juvenes,
661 3561 809 3636 Helymus
823 3561 1032 3639 Panopesque,
1104 3565 1163 3623 300

176 3655 296 3712 Assueti
312 3655 404 3726 silvis,
422 3654 545 3711 comites
560 3654 685 3711 senioris
700 3654 821 3711 Acestae
838 3674 845 3710 :

176 3745 261 3805 Multi
278 3756 435 3825 praeterea,
453 3766 526 3822 quos
541 3747 620 3805 sama
633 3748 763 3803 obscura
780 3747 924 3807 recondit.

176 3839 294 3899 AEneas
310 3842 417 3918 quibus
432 3842 461 3898 in
476 3841 580 3898 mediis
595 3840 637 3897 sic
652 3840 758 3898 deinde
772 3842 910 3899 locutus:

212 3935 352 4012 Accipite
366 3936 431 3993 haec
447 3935 551 3992 animis
555 3934 722 4010 ,laetnsque
736 3934 880 3993 advertite
896 3941 1020 3996 mentes.
1061 3991 1068 4002 ,

175 4025 272 4087 Neruo
286 4048 323 4085 ex
337 4028 394 4085 boc
409 4048 531 4086 numero
546 4028 616 4085 mihi
630 4049 688 4084 non
703 4028 829 4086 donatus
844 4029 944 4117 abjbit.
1103 4032 1162 4089 ³05

108 4100 290 4179 ”Gnosia
304 4123 375 4179 bina
389 4121 466 4178 dabo
480 4122 579 4179 levato
593 4121 691 4179 lucida
707 4121 785 4179 serro

177 4214 306 4291 Spicula,
323 4214 518 4291 caelatamque
534 4224 659 4292 argento
674 4215 751 4272 serre
766 4215 943 4292 bipennem:

176 4305 320 4365 Omnibus
333 4307 381 4365 hic
395 4308 451 4366 erit
466 4329 542 4367 unus
556 4309 658 4366 honos.
702 4307 779 4366 Tros
794 4309 915 4386 praemia
928 4309 1013 4387 primi

175 4399 343 4477 Accipient,
360 4400 497 4477 flavdque
511 4410 600 4479 caput
615 4410 771 4459 nectentur
785 4401 872 4460 olivd.

175 4491 291 4553 Primus
306 4514 416 4571 equum
431 4497 560 4573 phaleris
575 4497 721 4574 insignem
736 4497 830 4554 victor
844 4498 962 4558 habeto.
1102 4501 1162 4557 010

176 4587 261 4646 Alter
273 4589 471 4646 Amazoniam
484 4590 665 4667 pharetram,
682 4591 859 4666 plenamque
873 4591 991 4668 sagittis

453 4685 489 4739 15
502 4685 519 4721 ⁸*
