2692 5122
184 402 245 462 ,θ’
481 396 508 442 P.
522 395 686 444 ulamau
705 395 875 444 HAROMS

185 540 386 612 Serranoque,
402 533 572 611 Numaque.
613 535 726 612 Ingens
739 553 904 592 concursus
917 531 955 591 ad
968 532 1035 610 ipsa

185 629 332 707 Corpora,
348 629 574 703 seminecesque
588 628 679 698 viros,
694 627 853 704 tepidique
866 633 1024 688 recentem
1107 624 1168 687 400

185 722 278 783 Coede
293 723 400 791 locum,
417 730 445 778 et
461 722 564 798 picum
577 721 725 798 spumanti
739 721 885 798 sanguine
899 719 988 778 rivos.

183 818 359 895 Agnoscunt
373 815 468 891 spolia
482 816 559 871 inter
573 833 616 885 se,
632 815 810 893 galeamque
827 813 972 872 nitentem

183 909 326 985 Messapi,
343 917 373 965 et
387 908 477 965 multo
492 907 630 984 phaleras
643 907 753 967 sudore
767 913 914 982 receptas.

221 1002 262 1059 Et
271 1002 333 1076 jam
348 1001 441 1078 prima
455 1019 532 1057 novo
546 1001 707 1078 spargebat
721 999 829 1057 lumine
843 1008 942 1057 terras

182 1096 303 1155 Tithoni
317 1115 456 1153 croceum
471 1095 609 1171 linquens
621 1097 741 1152 Aurora
754 1093 853 1150 cubile
866 1111 875 1161 ;
1104 1090 1167 1151 460

181 1190 202 1248 J
204 1209 251 1247 am
265 1190 328 1246 sole
343 1189 450 1259 inluso,
463 1189 525 1263 jam
538 1189 629 1244 rebus
641 1188 709 1244 luce
723 1186 856 1255 retectis,

182 1283 304 1340 Turnus
318 1283 347 1339 in
362 1301 445 1339 arma
459 1281 550 1350 viros,
566 1281 656 1338 armis
671 1279 871 1337 circumdatus
885 1278 959 1355 ipse,

183 1376 323 1446 Suscitat,
341 1383 510 1449 aeratasque
525 1374 607 1430 acies
621 1373 650 1430 in
666 1372 772 1449 proelia
785 1372 865 1449 cogit
880 1391 888 1440 3

183 1468 320 1544 Quisque
334 1486 415 1537 suos,
432 1467 581 1540 variisque
597 1475 708 1523 acuunt
722 1466 891 1523 rumoribus
904 1464 972 1522 iras.

182 1561 263 1628 Quin
277 1563 342 1639 ipsa
355 1561 490 1630 arrectis,
509 1559 586 1635 (visu
603 1560 772 1617 miserabile
786 1561 809 1637 l)
823 1559 852 1616 io
866 1556 960 1616 bustis
1104 1557 1165 1617 400

181 1654 344 1732 Praeligunt
358 1654 467 1729 capita,
483 1661 513 1710 et
528 1653 619 1710 multo
633 1653 762 1710 clamore
776 1661 951 1728 sequuntur,

180 1747 308 1824 Euryali
323 1755 353 1804 ct
367 1746 443 1804 Nisi.

180 1840 330 1899 AEnoadae
344 1839 411 1897 duri
424 1857 574 1897 murorum
588 1838 618 1895 in
634 1846 717 1914 parts
731 1836 853 1896 sinistri

153 1994 157 2001 ,
181 1934 356 2013 Ορροειιὲτο
371 1934 475 2005 aciem,
492 1934 574 2012 (nam
588 1934 710 1992 domena
724 1934 854 2011 cingitur
867 1932 974 2011 amni,)

181 2026 382 2106 lugentesque
396 2037 499 2085 tenent
512 2028 619 2098 t‘ossas,
635 2037 664 2085 et
678 2027 809 2085 turribus
823 2027 891 2085 altis
1106 2024 1166 2085 470

181 2123 264 2179 Stant
279 2121 397 2179 moesti:
420 2122 506 2179 simul
521 2141 575 2178 ora
589 2118 684 2178 virum
697 2120 818 2197 praefixa
836 2120 1004 2192 movebant,

180 2215 261 2273 Nota
275 2215 361 2272 nimis
376 2215 501 2284 miseris,
518 2223 643 2290 atroque
656 2214 778 2271 fluentia
791 2215 870 2272 tabo.

180 2307 301 2365 Interea
316 2307 451 2383 pavidam
467 2307 593 2364 volitans
608 2315 735 2383 pennata
749 2326 803 2384 per
816 2308 919 2364 urbem

180 2399 293 2456 Nuntia
307 2399 402 2456 Fama
415 2399 483 2468 ruit,
500 2399 662 2474 matrisque
676 2399 825 2456 adlabitur
837 2414 929 2456 aures

179 2491 314 2567 Euryali.
357 2494 396 2549 At
411 2492 525 2549 subitus
539 2493 655 2549 miserae
668 2493 750 2549 calor
762 2511 831 2549 ossa
845 2490 964 2568 reliquit
980 2509 989 2562 3
1105 2490 1165 2552 470

178 2584 308 2641 Excussi
323 2584 459 2641 manibus
472 2584 557 2653 radii,
573 2584 768 2660 revolutaque
782 2603 883 2661 pensa.

178 2676 287 2733 Evolat
302 2677 412 2747 infelix,
428 2685 469 2747 et,
486 2677 623 2733 foemineo
639 2676 762 2747 ululatu,

180 2769 280 2826 Scissa
295 2788 421 2838 comam,
436 2788 535 2826 muros
549 2787 652 2826 amens
666 2778 755 2844 atque
774 2769 894 2847 agmina
907 2788 999 2828 cursu

178 2860 279 2918 Prima
294 2862 363 2938 petit
379 2882 385 2918 :
408 2881 466 2919 uon
481 2861 531 2918 illa
546 2859 651 2933 virum,
668 2882 725 2919 non
740 2863 791 2920 illa
804 2863 917 2940 pericli,

179 2955 381 3030 Telorumque
395 2974 507 3011 memor
520 2974 527 3023 ;
552 2952 661 3012 coeluni
675 2954 781 3013 dehinc
796 2957 950 3032 questibus
963 2955 1064 3032 implet
1076 2973 1085 3014 τ
1105 2956 1164 3015 400

179 3047 271 3105 Hunc
287 3067 344 3124 ego
359 3057 398 3118 te,
415 3048 561 3124 Euryale,
578 3047 709 3123 adspicio
726 3048 736 3103 ?
758 3058 839 3118 tune,
855 3049 906 3106 illa
919 3057 1052 3108 senecta

179 3143 254 3198 Sera
268 3160 340 3198 meae
356 3142 485 3217 requies,
503 3141 622 3218 potuisti
636 3141 770 3217 linquere
786 3142 890 3212 solam,

179 3232 344 3292 Crudelis?
367 3253 422 3290 neo
436 3242 477 3303 te,
493 3236 548 3291 sub
562 3241 646 3290 tanta
660 3234 793 3309 pericula
807 3235 937 3304 missum,

179 3327 275 3383 Affari
290 3327 452 3384 extremum
467 3327 582 3383 miserae
597 3326 666 3384 data
680 3328 766 3404 copia
782 3328 867 3385 matri
884 3327 895 3383 l

177 3417 248 3476 Heu
264 3422 270 3476 !
292 3419 374 3476 terrd
389 3417 500 3495 ignoti,
517 3419 641 3477 canibus
656 3420 723 3477 date
739 3420 838 3497 praeda
852 3420 969 3480 Latinis
1103 3421 1162 3481 ⁴85

176 3515 375 3590 Alitibusque,
389 3513 476 3587 jaces
492 3514 499 3567 !
521 3531 577 3568 nec
592 3520 631 3582 te,
648 3522 700 3570 tua
713 3514 829 3584 funera,
844 3524 941 3572 mater

176 3607 317 3677 Produxi,
336 3605 466 3682 pressive
481 3605 594 3676 oculos,
611 3615 660 3663 aut
676 3607 799 3665 vulnera
814 3607 884 3677 lavi,

175 3700 270 3757 Veste
284 3709 389 3776 tegens
404 3718 411 3766 ;
433 3699 486 3756 tibi
501 3719 589 3773 quam
603 3711 706 3758 noctes
720 3701 826 3759 festina
840 3701 964 3776 diesque

176 3792 339 3870 Urgebam‚
355 3802 384 3848 et
397 3791 459 3849 teld
472 3812 560 3850 ouras
575 3793 695 3850 solabar
708 3794 803 3851 aniles
819 3797 825 3850 !

177 3885 246 3952 Quo
262 3905 380 3960 sequar,
398 3894 448 3941 aut
464 3905 530 3959 quae
544 3906 623 3944 nunc
638 3896 730 3955 artus,
745 3888 908 3962 avulsaque
925 3888 1071 3960 membra,
1103 3889 1160 3948 ⁴90

175 3977 215 4034 Et
230 3978 317 4034 sunus
331 3979 473 4046 lacerum,
489 3978 577 4035 tellus
591 3980 681 4037 habet
697 3980 707 4036 ?
742 3980 812 4038 Hoc
828 3980 897 4038 mihi
912 3980 949 4036 ds
963 3988 1005 4053 te,

176 4070 266 4140 Nate,
284 4071 377 4127 refers
394 4071 404 4125 ?
426 4071 483 4128 boc
497 4091 561 4128 sum
575 4072 715 4147 ternique
730 4072 864 4147 marique
879 4082 984 4131 secuta
1000 4073 1011 4130 ἓ

175 4163 274 4242 Figite
290 4184 346 4234 me,
362 4165 386 4222 si
403 4173 518 4241 quaest
532 4166 627 4242 pietas
641 4184 648 4233 ;
673 4165 702 4222 in
717 4183 763 4221 me
777 4166 876 4222 omnia
889 4166 951 4223 tela
