2692 5122
512 793 683 843 memus
703 794 772 842 ΜΒ.
786 795 834 843 xl.

180 933 406 1011 Exploratores,
423 933 554 1009 equitum
568 934 647 992 levia
660 934 811 1011 improbus
825 953 909 992 arma

179 1026 337 1098 Praemisit‚
356 1035 510 1103 quaterent
524 1046 666 1103 campos:
690 1028 764 1103 ipse,
783 1028 877 1085 ardua
892 1026 999 1086 montis

181 1120 242 1180 Per
255 1120 375 1178 deserte
390 1120 464 1197 jugo
478 1140 634 1197 superans,
651 1121 789 1178 adventat
804 1121 840 1178 ad
857 1123 968 1180 urbem.

180 1214 275 1274 Furta
288 1234 361 1292 paro
375 1215 444 1272 belli
459 1234 592 1272 convexo
607 1216 636 1273 in
650 1216 766 1273 tramite
781 1216 874 1287 silvae,
1108 1219 1168 1277 515

180 1306 221 1365 Ut
235 1294 328 1365 bivias
342 1317 456 1366 armato
470 1309 604 1366 obsidam
618 1309 708 1366 milite
724 1308 837 1368 fauces.

181 1401 228 1459 Tu
241 1402 431 1478 Tyrrhenum
446 1403 575 1478 equitem
590 1403 707 1460 collatis
722 1403 826 1479 excipe
841 1404 935 1481 signis
951 1423 959 1473 ;

181 1494 295 1552 Tecum
311 1514 383 1552 scer
396 1495 556 1572 Messapus
570 1496 637 1566 erit,
654 1505 818 1571 turmisque
832 1497 960 1568 Latinae,

180 1587 365 1664 Tiburnique
380 1607 510 1646 manus:
532 1589 617 1646 ducis
631 1599 660 1646 et
674 1599 705 1647 tu
719 1591 842 1666 concipe
858 1610 970 1650 curam.

220 1682 269 1739 Sic
285 1682 334 1752 ait,
352 1690 381 1739 et
397 1683 517 1758 paribus
532 1682 705 1759 Messapum
720 1684 750 1741 in
765 1684 869 1760 proelie
883 1684 970 1742 dietis
1108 1686 1167 1744 520

180 1774 339 1846 Hortatur,
356 1777 515 1851 sociosque
530 1777 623 1833 duces
638 1796 645 1844 ;
670 1785 699 1834 et
713 1778 809 1854 pergit
824 1777 853 1834 in
868 1777 992 1837 bostem.

179 1867 235 1926 Est
249 1888 341 1925 curvo
356 1868 492 1925 anfractu
509 1869 611 1938 valles,
629 1870 791 1928 accomoda
806 1870 902 1927 fraudi

180 1962 396 2037 Armorumque
411 1962 485 2018 dolis
502 1981 509 2031 ;
534 1982 622 2038 quam
637 1964 737 2020 densis
752 1964 904 2021 frondibus
919 1971 1015 2022 atrum

179 2054 273 2133 Urget
288 2057 434 2131 utrimque
450 2056 528 2112 latus
545 2075 552 2124 ;
577 2057 675 2113 tenuis
691 2056 748 2132 qud
763 2057 868 2114 semita
881 2056 974 2130 ducit,

178 2148 383 2227 Augustoeque
398 2149 495 2207 ferunt
511 2149 624 2219 fauces,
644 2150 800 2225 aditusque
815 2150 946 2227 maligni.
1107 2155 1166 2211 525

178 2241 268 2300 Hanc
283 2263 383 2320 super,
402 2243 429 2299 in
445 2240 775 2319 speculis,.summoque
790 2244 819 2300 in
834 2244 946 2301 vertice
964 2245 1083 2316 montis,

179 2335 321 2395 Planities
336 2336 437 2413 ignote
447 2337 541 2411 jacet,
557 2338 672 2411 tutique
687 2346 836 2412 receptus,

180 2431 238 2489 Seu
253 2429 358 2488 dextrd
372 2430 509 2506 laevsique
526 2431 598 2487 velis
612 2449 772 2487 occurrere
788 2449 906 2507 pugnas,

179 2524 246 2582 Sive
261 2525 372 2582 instare
383 2524 475 2600 jugis,
493 2533 521 2580 et
536 2523 661 2600 grandia
676 2523 795 2579 volvere
812 2542 893 2580 saxa.

178 2616 249 2675 Huc
266 2617 385 2692 juvenis
400 2615 471 2673 notri
486 2617 579 2673 fertur
593 2617 715 2692 regione
730 2617 855 2687 viarum,

178 2710 371 2788 Arripuitque
386 2712 494 2780 locum,
511 2718 540 2766 et
555 2711 637 2767 silvis
651 2710 757 2767 insedit
773 2710 890 2786 iniquis.

215 2805 360 2861 Velocem
376 2805 490 2861 interea
505 2805 620 2880 superis
635 2804 663 2861 in
679 2804 799 2861 sedibus
814 2805 912 2881 Opim,

178 2896 274 2955 Unam
288 2918 325 2954 ex
341 2898 505 2974 virginibus
520 2899 609 2955 sociis
624 2899 769 2972 sacrique
784 2897 917 2969 catervd,

179 2989 393 3067 Compellabat,
410 3001 439 3048 et
454 2992 508 3047 has
522 2992 613 3048 tristis
627 2991 756 3049 Latonia
771 3011 860 3049 voces

178 3083 238 3141 Ore
252 3084 363 3140 dabat:
386 3084 530 3141 Graditur
544 3086 651 3142 bellurn
667 3085 704 3141 ad
718 3086 839 3141 crudele
855 3085 994 3157 Camilla,
1104 3091 1163 3148 535

178 3175 205 3234 O
220 3177 313 3254 virgo,
331 3188 359 3233 et
375 3178 481 3235 nostris
496 3179 695 3253 nequidquam
711 3179 840 3255 cingitur
854 3181 953 3250 armis,

179 3269 261 3328 Cara
276 3271 345 3328 mihi
360 3279 426 3327 ente
442 3272 537 3328 alias:
561 3291 658 3345 neque
673 3272 752 3328 enim
766 3292 860 3328 novus
875 3274 930 3329 iste
943 3273 1051 3331 Dianas

178 3362 267 3421 Venit
282 3384 374 3434 amor,
391 3363 548 3439 subitique
564 3365 692 3421 animum
707 3364 863 3421 dulcedine
878 3364 976 3423 movit.

177 3455 285 3514 Pulsus
300 3460 337 3513 ob
353 3458 490 3513 invidiam
506 3476 599 3532 regno
614 3457 752 3530 viresque
768 3459 923 3532 superbas,

177 3548 320 3607 Priverno
336 3548 460 3624 antiquit
474 3548 619 3605 Metabus
635 3568 723 3623 quum
740 3549 898 3607 excederet
913 3551 997 3622 urbe,
1106 3556 1164 3613 540

179 3641 335 3712 Infantem,
352 3643 470 3719 fugiens
485 3643 581 3698 media
596 3642 671 3698 inter
686 3643 791 3717 proelie
806 3643 884 3713 belli,

180 3735 301 3793 Sustulit
317 3736 420 3793 exsilio
436 3736 582 3804 comitem,
600 3735 761 3811 matrisque
777 3737 892 3794 vocavit

178 3827 310 3886 Nomine
320 3828 481 3899 Casmillae,
499 3827 611 3885 mutatui
625 3837 719 3905 parte,
737 3828 903 3889 Camillam.

178 3921 255 3999 lpse,
273 3924 338 3980 sinu
354 3944 414 3999 prae
429 3943 461 3980 se
477 3935 607 3999 portans,
621 3925 697 4000 juga
711 3924 799 4001 longa
815 3927 933 4001 petebat

178 4015 312 4073 Selorum
327 4036 478 4074 nemorum
494 4037 501 4072 ε
523 4018 583 4074 tela
599 4019 727 4092 undique
743 4038 824 4075 saeva
837 4022 1021 4095 premebant,
1103 4025 1161 4082 545

176 4106 215 4165 Et
230 4110 409 4167 circumfuso
425 4111 586 4168 volitabant
602 4112 690 4168 milite
705 4111 817 4169 Volsci.

176 4199 270 4273 Ecce,
288 4203 366 4279 fugae
381 4204 486 4274 medio,
503 4206 623 4261 summis
637 4207 804 4263 Amasenus
820 4206 974 4266 abundans

178 4294 337 4371 Spumabat
351 4296 421 4372 ripis
437 4316 444 4365 ;
469 4307 569 4354 tantus
583 4317 615 4354 se
631 4299 757 4356 nubibus
773 4301 866 4357 imber

176 4387 320 4465 Ruperat.
365 4389 429 4460 llle,
446 4391 549 4448 innare
564 4411 685 4467 parans,
702 4393 821 4450 infantis
839 4414 939 4453 amore

175 4480 335 4551 Turdetur,
352 4501 482 4558 caroque
497 4485 580 4542 oneri
594 4485 684 4544 timot.
728 4486 952 4549 Omniasecum
1101 4488 1160 4544 550

176 4573 317 4634 Versanti
332 4576 429 4633 subitd
445 4578 492 4634 vix
506 4579 569 4636 haec
584 4579 731 4637 sententia
745 4580 820 4637 sedit
836 4599 843 4636 ε
