<?xml version="1.0" encoding="UTF-8"?>
<!DOCTYPE html PUBLIC "-//W3C//DTD XHTML 1.0 Transitional//EN"
    "http://www.w3.org/TR/xhtml1/DTD/xhtml1-transitional.dtd">
<html xmlns="http://www.w3.org/1999/xhtml" xml:lang="en" lang="en">
 <head>
  <title>
</title>
<meta http-equiv="Content-Type" content="text/html;charset=utf-8" />
  <meta name='ocr-system' content='tesseract 3.04.00' />
  <meta name='ocr-capabilities' content='ocr_page ocr_carea ocr_par ocr_line ocrx_word'/>
</head>
<body>
  <div class='ocr_page' id='page_1' title='image "./pvirgiliimaroni00bowegoog/pvirgiliimaroni00bowegoog_0299.png"; bbox 0 0 2692 5122; ppageno 0'>
   <div class='ocr_carea' id='block_1_1' title="bbox 175 376 867 456">
    <p class='ocr_par' dir='ltr' id='par_1_1' title="bbox 175 376 867 456">
     <span class='ocr_line' id='line_1_1' title="bbox 175 376 867 456; baseline 0.019 -40"><span class='ocrx_word' id='word_1_1' title='bbox 175 383 253 456; x_wconf 30' lang='lat' dir='ltr'><strong>m.</strong></span> <span class='ocrx_word' id='word_1_2' title='bbox 472 376 499 424; x_wconf 82' lang='lat' dir='ltr'><strong>r.</strong></span> <span class='ocrx_word' id='word_1_3' title='bbox 514 377 678 427; x_wconf 76' lang='lat' dir='ltr'><strong>vinorum</strong></span> <span class='ocrx_word' id='word_1_4' title='bbox 696 378 867 430; x_wconf 68' lang='lat' dir='ltr'><strong>uinctus</strong></span> 
     </span>
    </p>
   </div>
   <div class='ocr_carea' id='block_1_2' title="bbox 175 515 1163 1622">
    <p class='ocr_par' dir='ltr' id='par_1_2' title="bbox 176 515 978 598">
     <span class='ocr_line' id='line_1_2' title="bbox 176 515 978 598; baseline 0.007 -24"><span class='ocrx_word' id='word_1_5' title='bbox 176 515 371 593; x_wconf 79' lang='lat' dir='ltr'><strong>Omnipotens</strong></span> <span class='ocrx_word' id='word_1_6' title='bbox 384 515 512 595; x_wconf 90' lang='lat' dir='ltr'><strong>genitor,</strong></span> <span class='ocrx_word' id='word_1_7' title='bbox 528 518 642 577; x_wconf 83' lang='lat' dir='ltr'><strong>tauton’</strong></span> <span class='ocrx_word' id='word_1_8' title='bbox 655 538 702 577; x_wconf 85' lang='lat' dir='ltr'><strong>me</strong></span> <span class='ocrx_word' id='word_1_9' title='bbox 718 521 841 579; x_wconf 91' lang='lat' dir='ltr'><strong>crimine</strong></span> <span class='ocrx_word' id='word_1_10' title='bbox 855 520 978 598; x_wconf 87' lang='lat' dir='ltr'><strong>dignum</strong></span> 
     </span>
    </p>

    <p class='ocr_par' dir='ltr' id='par_1_3' title="bbox 175 609 923 690">
     <span class='ocr_line' id='line_1_3' title="bbox 175 609 923 690; baseline 0.003 -22"><span class='ocrx_word' id='word_1_11' title='bbox 175 609 320 668; x_wconf 76' lang='lat' dir='ltr'>Duxisti?</span> <span class='ocrx_word' id='word_1_12' title='bbox 340 617 370 668; x_wconf 90' lang='lat' dir='ltr'><strong>et</strong></span> <span class='ocrx_word' id='word_1_13' title='bbox 383 610 460 669; x_wconf 87' lang='lat' dir='ltr'><strong>tales</strong></span> <span class='ocrx_word' id='word_1_14' title='bbox 474 610 593 670; x_wconf 78' lang='lat' dir='ltr'><strong>voluisti</strong></span> <span class='ocrx_word' id='word_1_15' title='bbox 606 611 774 689; x_wconf 88' lang='lat' dir='ltr'><strong>expendere</strong></span> <span class='ocrx_word' id='word_1_16' title='bbox 792 632 898 690; x_wconf 81' lang='lat' dir='ltr'><strong>pmnas</strong></span> <span class='ocrx_word' id='word_1_17' title='bbox 912 612 923 670; x_wconf 77' lang='grc' dir='ltr'><strong><em>ἓ</em></strong></span> 
     </span>
    </p>

    <p class='ocr_par' dir='ltr' id='par_1_4' title="bbox 175 700 1162 1063">
     <span class='ocr_line' id='line_1_4' title="bbox 176 700 1162 784; baseline 0.003 -21"><span class='ocrx_word' id='word_1_18' title='bbox 176 700 246 771; x_wconf 76' lang='lat' dir='ltr'><strong>Qut</strong></span> <span class='ocrx_word' id='word_1_19' title='bbox 260 703 340 762; x_wconf 89' lang='lat' dir='ltr'><strong>feror</strong></span> <span class='ocrx_word' id='word_1_20' title='bbox 352 702 363 759; x_wconf 78' lang='lat' dir='ltr'><strong>l</strong></span> <span class='ocrx_word' id='word_1_21' title='bbox 377 704 455 762; x_wconf 90' lang='lat' dir='ltr'><strong>unde</strong></span> <span class='ocrx_word' id='word_1_22' title='bbox 470 704 530 762; x_wconf 89' lang='lat' dir='ltr'><strong>abii</strong></span> <span class='ocrx_word' id='word_1_23' title='bbox 544 704 555 760; x_wconf 75' lang='grc' dir='ltr'><strong><em>ἓ</em></strong></span> <span class='ocrx_word' id='word_1_24' title='bbox 571 723 637 780; x_wconf 83' lang='lat' dir='ltr'><strong>quae</strong></span> <span class='ocrx_word' id='word_1_25' title='bbox 650 725 698 764; x_wconf 91' lang='lat' dir='ltr'><strong>me</strong></span> <span class='ocrx_word' id='word_1_26' title='bbox 712 705 795 784; x_wconf 82' lang='lat' dir='ltr'><strong>fuga,</strong></span> <span class='ocrx_word' id='word_1_27' title='bbox 812 725 938 782; x_wconf 83' lang='lat' dir='ltr'><strong>quemve</strong></span> <span class='ocrx_word' id='word_1_28' title='bbox 951 706 1077 766; x_wconf 86' lang='lat' dir='ltr'><strong>reducet</strong></span> <span class='ocrx_word' id='word_1_29' title='bbox 1091 707 1104 765; x_wconf 77' lang='lat' dir='ltr'><strong>i</strong></span> <span class='ocrx_word' id='word_1_30' title='bbox 1139 732 1162 761; x_wconf 90' lang='lat'><strong>.·</strong></span> 
     </span>
     <span class='ocr_line' id='line_1_5' title="bbox 175 796 1159 861; baseline 0.004 -5"><span class='ocrx_word' id='word_1_31' title='bbox 175 796 383 856; x_wconf 85' lang='lat' dir='ltr'><strong>Laurentesne</strong></span> <span class='ocrx_word' id='word_1_32' title='bbox 398 797 506 856; x_wconf 89' lang='lat' dir='ltr'><strong>iterum</strong></span> <span class='ocrx_word' id='word_1_33' title='bbox 518 815 619 855; x_wconf 89' lang='lat' dir='ltr'><strong>muros</strong></span> <span class='ocrx_word' id='word_1_34' title='bbox 632 807 683 856; x_wconf 87' lang='lat' dir='ltr'><strong>aut</strong></span> <span class='ocrx_word' id='word_1_35' title='bbox 697 808 797 857; x_wconf 84' lang='lat' dir='ltr'><strong>castra</strong></span> <span class='ocrx_word' id='word_1_36' title='bbox 812 798 945 857; x_wconf 83' lang='lat' dir='ltr'><strong>videbo?</strong></span> <span class='ocrx_word' id='word_1_37' title='bbox 1103 802 1159 861; x_wconf 78' lang='grc'><strong>671</strong></span> 
     </span>
     <span class='ocr_line' id='line_1_6' title="bbox 176 888 1063 979; baseline 0.006 -32"><span class='ocrx_word' id='word_1_38' title='bbox 176 889 257 958; x_wconf 78' lang='lat' dir='ltr'><strong>Quid</strong></span> <span class='ocrx_word' id='word_1_39' title='bbox 272 910 376 949; x_wconf 89' lang='lat' dir='ltr'><strong>manus</strong></span> <span class='ocrx_word' id='word_1_40' title='bbox 390 890 441 948; x_wconf 89' lang='lat' dir='ltr'><strong>illa</strong></span> <span class='ocrx_word' id='word_1_41' title='bbox 454 888 560 962; x_wconf 77' lang='lat' dir='ltr'><strong>vistim,</strong></span> <span class='ocrx_word' id='word_1_42' title='bbox 578 891 627 967; x_wconf 88' lang='lat' dir='ltr'><strong>qui</strong></span> <span class='ocrx_word' id='word_1_43' title='bbox 640 911 688 950; x_wconf 89' lang='lat' dir='ltr'><strong>me</strong></span> <span class='ocrx_word' id='word_1_44' title='bbox 702 911 830 969; x_wconf 89' lang='lat' dir='ltr'><strong>meaque</strong></span> <span class='ocrx_word' id='word_1_45' title='bbox 845 912 929 979; x_wconf 69' lang='lat' dir='ltr'><strong>arma</strong></span> <span class='ocrx_word' id='word_1_46' title='bbox 941 894 1063 952; x_wconf 78' lang='lat' dir='ltr'><strong>secuti?</strong></span> 
     </span>
     <span class='ocr_line' id='line_1_7' title="bbox 176 982 1017 1063; baseline 0.004 -22"><span class='ocrx_word' id='word_1_47' title='bbox 176 982 301 1051; x_wconf 77' lang='lat' dir='ltr'><strong>Quosne</strong></span> <span class='ocrx_word' id='word_1_48' title='bbox 317 983 432 1063; x_wconf 84' lang='lat' dir='ltr'><strong>(nefas)</strong></span> <span class='ocrx_word' id='word_1_49' title='bbox 446 1003 550 1042; x_wconf 87' lang='lat' dir='ltr'><strong>omnes</strong></span> <span class='ocrx_word' id='word_1_50' title='bbox 564 983 687 1043; x_wconf 71' lang='lat' dir='ltr'><strong>infandi</strong></span> <span class='ocrx_word' id='word_1_51' title='bbox 700 984 730 1043; x_wconf 90' lang='lat' dir='ltr'><strong>in</strong></span> <span class='ocrx_word' id='word_1_52' title='bbox 743 993 838 1044; x_wconf 90' lang='lat' dir='ltr'><strong>morte</strong></span> <span class='ocrx_word' id='word_1_53' title='bbox 852 986 961 1062; x_wconf 88' lang='lat' dir='ltr'><strong>reliqui</strong></span> <span class='ocrx_word' id='word_1_54' title='bbox 973 986 985 1044; x_wconf 75' lang='grc' dir='ltr'><strong><em>ἓ</em></strong></span> <span class='ocrx_word' id='word_1_55' title='bbox 1014 1008 1017 1013; x_wconf 93' lang='lat'>·</span> 
     </span>
    </p>

    <p class='ocr_par' dir='ltr' id='par_1_5' title="bbox 175 1076 965 1157">
     <span class='ocr_line' id='line_1_8' title="bbox 175 1076 965 1157; baseline 0.003 -21"><span class='ocrx_word' id='word_1_56' title='bbox 175 1076 216 1136; x_wconf 82' lang='lat' dir='ltr'><strong>Et</strong></span> <span class='ocrx_word' id='word_1_57' title='bbox 229 1096 311 1137; x_wconf 92' lang='lat' dir='ltr'><strong>nunc</strong></span> <span class='ocrx_word' id='word_1_58' title='bbox 325 1077 462 1155; x_wconf 88' lang='lat' dir='ltr'><strong>palantes</strong></span> <span class='ocrx_word' id='word_1_59' title='bbox 476 1078 573 1149; x_wconf 85' lang='lat' dir='ltr'><strong>video,</strong></span> <span class='ocrx_word' id='word_1_60' title='bbox 590 1079 791 1157; x_wconf 79' lang='lat' dir='ltr'><strong>gemitumque</strong></span> <span class='ocrx_word' id='word_1_61' title='bbox 805 1076 965 1138; x_wconf 75' lang='lat' dir='ltr'><strong>cadentum</strong></span> 
     </span>
    </p>

    <p class='ocr_par' dir='ltr' id='par_1_6' title="bbox 175 1170 1163 1344">
     <span class='ocr_line' id='line_1_9' title="bbox 175 1170 1163 1249; baseline 0.004 -19"><span class='ocrx_word' id='word_1_62' title='bbox 175 1170 310 1249; x_wconf 75' lang='lat' dir='ltr'><strong>Accipio.</strong></span> <span class='ocrx_word' id='word_1_63' title='bbox 355 1170 435 1238; x_wconf 76' lang='lat' dir='ltr'><strong>Quid</strong></span> <span class='ocrx_word' id='word_1_64' title='bbox 450 1190 507 1249; x_wconf 91' lang='lat' dir='ltr'><strong>ago</strong></span> <span class='ocrx_word' id='word_1_65' title='bbox 523 1171 535 1227; x_wconf 82' lang='lat' dir='ltr'><strong>l</strong></span> <span class='ocrx_word' id='word_1_66' title='bbox 556 1181 606 1229; x_wconf 88' lang='lat' dir='ltr'><strong>nut</strong></span> <span class='ocrx_word' id='word_1_67' title='bbox 622 1191 688 1248; x_wconf 77' lang='lat' dir='ltr'><strong>quas</strong></span> <span class='ocrx_word' id='word_1_68' title='bbox 698 1172 761 1249; x_wconf 89' lang='lat' dir='ltr'><strong>jam</strong></span> <span class='ocrx_word' id='word_1_69' title='bbox 774 1171 849 1231; x_wconf 84' lang='lat' dir='ltr'><strong>satis</strong></span> <span class='ocrx_word' id='word_1_70' title='bbox 863 1172 922 1231; x_wconf 90' lang='lat' dir='ltr'><strong>ima</strong></span> <span class='ocrx_word' id='word_1_71' title='bbox 935 1172 1071 1233; x_wconf 86' lang='lat' dir='ltr'><strong>dehiscat</strong></span> <span class='ocrx_word' id='word_1_72' title='bbox 1102 1174 1163 1234; x_wconf 73' lang='grc'><strong>615</strong></span> 
     </span>
     <span class='ocr_line' id='line_1_10' title="bbox 175 1262 964 1344; baseline 0.001 -21"><span class='ocrx_word' id='word_1_73' title='bbox 175 1262 274 1324; x_wconf 88' lang='lat' dir='ltr'><strong>Terra</strong></span> <span class='ocrx_word' id='word_1_74' title='bbox 286 1265 382 1324; x_wconf 84' lang='lat' dir='ltr'><strong>mihi?</strong></span> <span class='ocrx_word' id='word_1_75' title='bbox 423 1264 519 1324; x_wconf 90' lang='lat' dir='ltr'><strong>Voso</strong></span> <span class='ocrx_word' id='word_1_76' title='bbox 540 1266 637 1344; x_wconf 77' lang='lat' dir='ltr'><strong>potius</strong></span> <span class='ocrx_word' id='word_1_77' title='bbox 652 1266 847 1338; x_wconf 79' lang='lat' dir='ltr'><strong>miserescite,</strong></span> <span class='ocrx_word' id='word_1_78' title='bbox 863 1267 964 1325; x_wconf 83' lang='lat' dir='ltr'><strong>venti:</strong></span> 
     </span>
    </p>

    <p class='ocr_par' dir='ltr' id='par_1_7' title="bbox 176 1357 943 1437">
     <span class='ocr_line' id='line_1_11' title="bbox 176 1357 943 1437; baseline 0.001 -21"><span class='ocrx_word' id='word_1_79' title='bbox 176 1357 212 1417; x_wconf 93' lang='lat' dir='ltr'><strong>ln</strong></span> <span class='ocrx_word' id='word_1_80' title='bbox 226 1379 327 1437; x_wconf 89' lang='lat' dir='ltr'><strong>rupes,</strong></span> <span class='ocrx_word' id='word_1_81' title='bbox 343 1358 372 1417; x_wconf 92' lang='lat' dir='ltr'><strong>in</strong></span> <span class='ocrx_word' id='word_1_82' title='bbox 387 1378 470 1430; x_wconf 83' lang='lat' dir='ltr'><strong>saxa,</strong></span> <span class='ocrx_word' id='word_1_83' title='bbox 489 1358 607 1437; x_wconf 89' lang='lat' dir='ltr'><strong>(voleus</strong></span> <span class='ocrx_word' id='word_1_84' title='bbox 621 1380 674 1418; x_wconf 85' lang='lat' dir='ltr'><strong>vos</strong></span> <span class='ocrx_word' id='word_1_85' title='bbox 687 1359 808 1418; x_wconf 87' lang='lat' dir='ltr'><strong>Turnus</strong></span> <span class='ocrx_word' id='word_1_86' title='bbox 823 1359 943 1436; x_wconf 84' lang='lat' dir='ltr'><strong>adoro,)</strong></span> 
     </span>
    </p>

    <p class='ocr_par' dir='ltr' id='par_1_8' title="bbox 175 1451 925 1530">
     <span class='ocr_line' id='line_1_12' title="bbox 175 1451 925 1530; baseline -0.001 -19"><span class='ocrx_word' id='word_1_87' title='bbox 175 1452 267 1511; x_wconf 86' lang='lat' dir='ltr'><strong>Ferte</strong></span> <span class='ocrx_word' id='word_1_88' title='bbox 282 1459 387 1524; x_wconf 89' lang='lat' dir='ltr'><strong>ratem,</strong></span> <span class='ocrx_word' id='word_1_89' title='bbox 405 1453 551 1529; x_wconf 72' lang='lat' dir='ltr'><strong>saevisque</strong></span> <span class='ocrx_word' id='word_1_90' title='bbox 566 1452 650 1510; x_wconf 88' lang='lat' dir='ltr'><strong>vadis</strong></span> <span class='ocrx_word' id='word_1_91' title='bbox 664 1451 810 1511; x_wconf 84' lang='lat' dir='ltr'><strong>immittite</strong></span> <span class='ocrx_word' id='word_1_92' title='bbox 824 1453 925 1530; x_wconf 86' lang='lat' dir='ltr'><strong>syrtis,</strong></span> 
     </span>
    </p>

    <p class='ocr_par' dir='ltr' id='par_1_9' title="bbox 176 1544 1019 1622">
     <span class='ocr_line' id='line_1_13' title="bbox 176 1544 1019 1622; baseline 0.001 -19"><span class='ocrx_word' id='word_1_93' title='bbox 176 1544 246 1613; x_wconf 80' lang='lat' dir='ltr'><strong>Qud</strong></span> <span class='ocrx_word' id='word_1_94' title='bbox 262 1565 359 1622; x_wconf 89' lang='lat' dir='ltr'><strong>neque</strong></span> <span class='ocrx_word' id='word_1_95' title='bbox 374 1565 420 1604; x_wconf 89' lang='lat' dir='ltr'><strong>me</strong></span> <span class='ocrx_word' id='word_1_96' title='bbox 435 1546 551 1618; x_wconf 84' lang='lat' dir='ltr'><strong>Rutuli,</strong></span> <span class='ocrx_word' id='word_1_97' title='bbox 566 1564 623 1604; x_wconf 87' lang='lat' dir='ltr'><strong>nee</strong></span> <span class='ocrx_word' id='word_1_98' title='bbox 638 1546 761 1604; x_wconf 87' lang='lat' dir='ltr'><strong>conscia</strong></span> <span class='ocrx_word' id='word_1_99' title='bbox 775 1546 853 1604; x_wconf 90' lang='lat' dir='ltr'><strong>fama</strong></span> <span class='ocrx_word' id='word_1_100' title='bbox 867 1554 1019 1621; x_wconf 81' lang='lat' dir='ltr'><strong>sequetur.</strong></span> 
     </span>
    </p>
   </div>
   <div class='ocr_carea' id='block_1_3' title="bbox 86 1637 1167 1710">
    <p class='ocr_par' dir='ltr' id='par_1_10' title="bbox 86 1637 1167 1710">
     <span class='ocr_line' id='line_1_14' title="bbox 86 1637 1167 1710; baseline 0.003 -14"><span class='ocrx_word' id='word_1_101' title='bbox 86 1640 88 1645; x_wconf 79' lang='grc'>’</span> <span class='ocrx_word' id='word_1_102' title='bbox 175 1637 256 1697; x_wconf 81' lang='lat' dir='ltr'><strong>Haec</strong></span> <span class='ocrx_word' id='word_1_103' title='bbox 269 1657 447 1710; x_wconf 85' lang='lat' dir='ltr'><strong>memorans,</strong></span> <span class='ocrx_word' id='word_1_104' title='bbox 464 1639 562 1697; x_wconf 90' lang='lat' dir='ltr'><strong>animo</strong></span> <span class='ocrx_word' id='word_1_105' title='bbox 577 1659 656 1697; x_wconf 89' lang='lat' dir='ltr'><strong>nunc</strong></span> <span class='ocrx_word' id='word_1_106' title='bbox 669 1640 739 1710; x_wconf 89' lang='lat' dir='ltr'><strong>huc,</strong></span> <span class='ocrx_word' id='word_1_107' title='bbox 757 1658 835 1697; x_wconf 92' lang='lat' dir='ltr'><strong>nunc</strong></span> <span class='ocrx_word' id='word_1_108' title='bbox 850 1638 974 1698; x_wconf 83' lang='lat' dir='ltr'><strong>fluctuat</strong></span> <span class='ocrx_word' id='word_1_109' title='bbox 987 1639 1081 1699; x_wconf 90' lang='lat' dir='ltr'><strong>illuc:</strong></span> <span class='ocrx_word' id='word_1_110' title='bbox 1103 1640 1167 1699; x_wconf 78' lang='lat'><strong>680</strong></span> 
     </span>
    </p>
   </div>
   <div class='ocr_carea' id='block_1_4' title="bbox 175 1732 1168 4228">
    <p class='ocr_par' dir='ltr' id='par_1_11' title="bbox 175 1732 1166 2468">
     <span class='ocr_line' id='line_1_15' title="bbox 175 1732 907 1807; baseline 0 -16"><span class='ocrx_word' id='word_1_111' title='bbox 175 1733 224 1807; x_wconf 84' lang='lat' dir='ltr'><strong>An</strong></span> <span class='ocrx_word' id='word_1_112' title='bbox 239 1751 306 1791; x_wconf 88' lang='lat' dir='ltr'><strong>sese</strong></span> <span class='ocrx_word' id='word_1_113' title='bbox 320 1752 461 1790; x_wconf 90' lang='lat' dir='ltr'><strong>mucrone</strong></span> <span class='ocrx_word' id='word_1_114' title='bbox 476 1734 513 1791; x_wconf 89' lang='lat' dir='ltr'><strong>ob</strong></span> <span class='ocrx_word' id='word_1_115' title='bbox 527 1742 642 1792; x_wconf 88' lang='lat' dir='ltr'><strong>tantum</strong></span> <span class='ocrx_word' id='word_1_116' title='bbox 655 1732 787 1791; x_wconf 79' lang='lat' dir='ltr'><strong>dedecus</strong></span> <span class='ocrx_word' id='word_1_117' title='bbox 802 1751 907 1791; x_wconf 87' lang='lat' dir='ltr'><strong>amens</strong></span> 
     </span>
     <span class='ocr_line' id='line_1_16' title="bbox 177 1825 1032 1905; baseline 0.002 -21"><span class='ocrx_word' id='word_1_118' title='bbox 177 1825 295 1897; x_wconf 85' lang='lat' dir='ltr'><strong>Induat,</strong></span> <span class='ocrx_word' id='word_1_119' title='bbox 309 1835 338 1885; x_wconf 90' lang='lat' dir='ltr'><strong>et</strong></span> <span class='ocrx_word' id='word_1_120' title='bbox 353 1826 478 1885; x_wconf 89' lang='lat' dir='ltr'><strong>crudum</strong></span> <span class='ocrx_word' id='word_1_121' title='bbox 492 1846 546 1904; x_wconf 89' lang='lat' dir='ltr'><strong>per</strong></span> <span class='ocrx_word' id='word_1_122' title='bbox 559 1834 658 1885; x_wconf 86' lang='lat' dir='ltr'><strong>costas</strong></span> <span class='ocrx_word' id='word_1_123' title='bbox 674 1827 775 1905; x_wconf 84' lang='lat' dir='ltr'><strong>exigat</strong></span> <span class='ocrx_word' id='word_1_124' title='bbox 789 1846 891 1886; x_wconf 84' lang='lat' dir='ltr'><strong>ensem</strong></span> <span class='ocrx_word' id='word_1_125' title='bbox 906 1846 914 1896; x_wconf 86' lang='lat'><strong>;</strong></span> <span class='ocrx_word' id='word_1_126' title='bbox 1029 1856 1032 1860; x_wconf 89' lang='lat'><strong>·</strong></span> 
     </span>
     <span class='ocr_line' id='line_1_17' title="bbox 176 1920 888 1996; baseline -0.003 -16"><span class='ocrx_word' id='word_1_127' title='bbox 176 1920 333 1980; x_wconf 80' lang='lat' dir='ltr'><strong>Fluctibus</strong></span> <span class='ocrx_word' id='word_1_128' title='bbox 347 1939 385 1978; x_wconf 87' lang='lat' dir='ltr'><strong>sn</strong></span> <span class='ocrx_word' id='word_1_129' title='bbox 395 1920 490 1996; x_wconf 87' lang='lat' dir='ltr'><strong>jaciat</strong></span> <span class='ocrx_word' id='word_1_130' title='bbox 502 1920 618 1992; x_wconf 89' lang='lat' dir='ltr'><strong>mediis,</strong></span> <span class='ocrx_word' id='word_1_131' title='bbox 634 1932 664 1978; x_wconf 90' lang='lat' dir='ltr'><strong>et</strong></span> <span class='ocrx_word' id='word_1_132' title='bbox 679 1920 777 1979; x_wconf 87' lang='lat' dir='ltr'><strong>littora</strong></span> <span class='ocrx_word' id='word_1_133' title='bbox 789 1920 888 1978; x_wconf 88' lang='lat' dir='ltr'><strong>nando</strong></span> 
     </span>
     <span class='ocr_line' id='line_1_18' title="bbox 177 2012 1050 2092; baseline 0.001 -18"><span class='ocrx_word' id='word_1_134' title='bbox 177 2013 281 2075; x_wconf 84' lang='lat' dir='ltr'><strong>Curva</strong></span> <span class='ocrx_word' id='word_1_135' title='bbox 295 2022 386 2092; x_wconf 87' lang='lat' dir='ltr'><strong>petat,</strong></span> <span class='ocrx_word' id='word_1_136' title='bbox 401 2012 611 2091; x_wconf 74' lang='lat' dir='ltr'><strong>Teucrumque</strong></span> <span class='ocrx_word' id='word_1_137' title='bbox 625 2015 733 2073; x_wconf 89' lang='lat' dir='ltr'><strong>iterum</strong></span> <span class='ocrx_word' id='word_1_138' title='bbox 747 2034 780 2073; x_wconf 92' lang='lat' dir='ltr'><strong>se</strong></span> <span class='ocrx_word' id='word_1_139' title='bbox 795 2014 899 2073; x_wconf 88' lang='lat' dir='ltr'><strong>reddat</strong></span> <span class='ocrx_word' id='word_1_140' title='bbox 912 2014 943 2072; x_wconf 89' lang='lat' dir='ltr'><strong>in</strong></span> <span class='ocrx_word' id='word_1_141' title='bbox 957 2018 1050 2075; x_wconf 79' lang='lat' dir='ltr'><strong>arma.</strong></span> 
     </span>
     <span class='ocr_line' id='line_1_19' title="bbox 176 2107 1166 2184; baseline 0.002 -17"><span class='ocrx_word' id='word_1_142' title='bbox 176 2107 240 2167; x_wconf 85' lang='lat' dir='ltr'><strong>Ter</strong></span> <span class='ocrx_word' id='word_1_143' title='bbox 253 2118 380 2167; x_wconf 89' lang='lat' dir='ltr'><strong>conatus</strong></span> <span class='ocrx_word' id='word_1_144' title='bbox 393 2116 550 2184; x_wconf 90' lang='lat' dir='ltr'><strong>utramque</strong></span> <span class='ocrx_word' id='word_1_145' title='bbox 564 2109 642 2166; x_wconf 88' lang='lat' dir='ltr'><strong>viam</strong></span> <span class='ocrx_word' id='word_1_146' title='bbox 655 2127 663 2164; x_wconf 73' lang='grc' dir='ltr'>ι</span> <span class='ocrx_word' id='word_1_147' title='bbox 687 2116 733 2166; x_wconf 88' lang='lat' dir='ltr'><strong>ter</strong></span> <span class='ocrx_word' id='word_1_148' title='bbox 746 2109 874 2167; x_wconf 83' lang='lat' dir='ltr'><strong>maxima</strong></span> <span class='ocrx_word' id='word_1_149' title='bbox 886 2108 968 2167; x_wconf 89' lang='lat' dir='ltr'><strong>June</strong></span> <span class='ocrx_word' id='word_1_150' title='bbox 1104 2108 1166 2169; x_wconf 69' lang='lat'><strong>6⁸5</strong></span> 
     </span>
     <span class='ocr_line' id='line_1_20' title="bbox 177 2200 981 2279; baseline 0 -19"><span class='ocrx_word' id='word_1_151' title='bbox 177 2200 343 2274; x_wconf 88' lang='lat' dir='ltr'><strong>Continuit,</strong></span> <span class='ocrx_word' id='word_1_152' title='bbox 355 2203 556 2279; x_wconf 85' lang='lat' dir='ltr'><strong>juvenemque</strong></span> <span class='ocrx_word' id='word_1_153' title='bbox 570 2202 661 2260; x_wconf 90' lang='lat' dir='ltr'><strong>animi</strong></span> <span class='ocrx_word' id='word_1_154' title='bbox 674 2202 816 2260; x_wconf 87' lang='lat' dir='ltr'><strong>miserata</strong></span> <span class='ocrx_word' id='word_1_155' title='bbox 828 2201 981 2279; x_wconf 85' lang='lat' dir='ltr'><strong>repressit.</strong></span> 
     </span>
     <span class='ocr_line' id='line_1_21' title="bbox 175 2294 998 2373; baseline -0.004 -19"><span class='ocrx_word' id='word_1_156' title='bbox 175 2294 304 2354; x_wconf 78' lang='lat' dir='ltr'><strong>Labitur</strong></span> <span class='ocrx_word' id='word_1_157' title='bbox 317 2297 377 2354; x_wconf 90' lang='lat' dir='ltr'><strong>alta</strong></span> <span class='ocrx_word' id='word_1_158' title='bbox 392 2315 511 2367; x_wconf 79' lang='lat' dir='ltr'><strong>secans,</strong></span> <span class='ocrx_word' id='word_1_159' title='bbox 527 2296 679 2373; x_wconf 87' lang='lat' dir='ltr'><strong>fluctuque</strong></span> <span class='ocrx_word' id='word_1_160' title='bbox 694 2303 828 2372; x_wconf 91' lang='lat' dir='ltr'><strong>aestuque</strong></span> <span class='ocrx_word' id='word_1_161' title='bbox 842 2294 975 2354; x_wconf 88' lang='lat' dir='ltr'><strong>secundo</strong></span> <span class='ocrx_word' id='word_1_162' title='bbox 990 2313 998 2351; x_wconf 72' lang='grc' dir='ltr'><strong><em>ε</em></strong></span> 
     </span>
     <span class='ocr_line' id='line_1_22' title="bbox 176 2388 928 2468; baseline 0 -20"><span class='ocrx_word' id='word_1_163' title='bbox 176 2389 217 2449; x_wconf 83' lang='lat' dir='ltr'><strong>Et</strong></span> <span class='ocrx_word' id='word_1_164' title='bbox 231 2390 321 2468; x_wconf 88' lang='lat' dir='ltr'><strong>patris</strong></span> <span class='ocrx_word' id='word_1_165' title='bbox 335 2389 488 2465; x_wconf 87' lang='lat' dir='ltr'><strong>antiquam</strong></span> <span class='ocrx_word' id='word_1_166' title='bbox 500 2388 604 2446; x_wconf 88' lang='lat' dir='ltr'><strong>Dauni</strong></span> <span class='ocrx_word' id='word_1_167' title='bbox 618 2389 749 2448; x_wconf 78' lang='lat' dir='ltr'><strong>defertur</strong></span> <span class='ocrx_word' id='word_1_168' title='bbox 763 2389 801 2451; x_wconf 87' lang='lat' dir='ltr'><strong>ad</strong></span> <span class='ocrx_word' id='word_1_169' title='bbox 816 2391 928 2449; x_wconf 90' lang='lat' dir='ltr'><strong>urbem.</strong></span> 
     </span>
    </p>

    <p class='ocr_par' dir='ltr' id='par_1_12' title="bbox 175 2482 1168 4228">
     <span class='ocr_line' id='line_1_23' title="bbox 215 2482 920 2541; baseline 0.001 -2"><span class='ocrx_word' id='word_1_170' title='bbox 215 2484 255 2539; x_wconf 85' lang='lat' dir='ltr'><strong>At</strong></span> <span class='ocrx_word' id='word_1_171' title='bbox 269 2482 354 2540; x_wconf 87' lang='lat' dir='ltr'><strong>Jovis</strong></span> <span class='ocrx_word' id='word_1_172' title='bbox 368 2482 483 2539; x_wconf 88' lang='lat' dir='ltr'><strong>interea</strong></span> <span class='ocrx_word' id='word_1_173' title='bbox 497 2482 614 2539; x_wconf 89' lang='lat' dir='ltr'><strong>monitis</strong></span> <span class='ocrx_word' id='word_1_174' title='bbox 627 2482 797 2541; x_wconf 88' lang='lat' dir='ltr'><strong>Mezentius</strong></span> <span class='ocrx_word' id='word_1_175' title='bbox 811 2482 920 2540; x_wconf 88' lang='lat' dir='ltr'><strong>ardens</strong></span> 
     </span>
     <span class='ocr_line' id='line_1_24' title="bbox 178 2574 1168 2652; baseline 0.002 -19"><span class='ocrx_word' id='word_1_176' title='bbox 178 2574 317 2633; x_wconf 91' lang='lat' dir='ltr'><strong>Succedit</strong></span> <span class='ocrx_word' id='word_1_177' title='bbox 333 2595 451 2652; x_wconf 84' lang='lat' dir='ltr'><strong>pugnae,</strong></span> <span class='ocrx_word' id='word_1_178' title='bbox 467 2574 664 2651; x_wconf 88' lang='lat' dir='ltr'><strong>Teucrosque</strong></span> <span class='ocrx_word' id='word_1_179' title='bbox 679 2576 790 2634; x_wconf 84' lang='lat' dir='ltr'><strong>invndit</strong></span> <span class='ocrx_word' id='word_1_180' title='bbox 804 2584 936 2635; x_wconf 88' lang='lat' dir='ltr'><strong>ovantes.</strong></span> <span class='ocrx_word' id='word_1_181' title='bbox 1106 2576 1168 2635; x_wconf 81' lang='grc'><strong>690</strong></span> 
     </span>
     <span class='ocr_line' id='line_1_25' title="bbox 177 2666 1008 2745; baseline -0.001 -18"><span class='ocrx_word' id='word_1_182' title='bbox 177 2666 368 2728; x_wconf 89' lang='lat' dir='ltr'><strong>Concurrunt</strong></span> <span class='ocrx_word' id='word_1_183' title='bbox 383 2667 549 2743; x_wconf 85' lang='lat' dir='ltr'><strong>Tyrrbenae</strong></span> <span class='ocrx_word' id='word_1_184' title='bbox 564 2668 647 2725; x_wconf 91' lang='lat' dir='ltr'><strong>acies</strong></span> <span class='ocrx_word' id='word_1_185' title='bbox 661 2687 668 2737; x_wconf 84' lang='lat'>3</span> <span class='ocrx_word' id='word_1_186' title='bbox 693 2678 781 2745; x_wconf 88' lang='lat' dir='ltr'><strong>atque</strong></span> <span class='ocrx_word' id='word_1_187' title='bbox 796 2669 932 2727; x_wconf 88' lang='lat' dir='ltr'><strong>omnibus</strong></span> <span class='ocrx_word' id='word_1_188' title='bbox 946 2667 1008 2740; x_wconf 90' lang='lat' dir='ltr'><strong>uni,</strong></span> 
     </span>
     <span class='ocr_line' id='line_1_26' title="bbox 176 2761 954 2839; baseline 0 -18"><span class='ocrx_word' id='word_1_189' title='bbox 176 2761 236 2821; x_wconf 89' lang='lat' dir='ltr'><strong>Uni</strong></span> <span class='ocrx_word' id='word_1_190' title='bbox 249 2762 383 2839; x_wconf 89' lang='lat' dir='ltr'><strong>odiisque</strong></span> <span class='ocrx_word' id='word_1_191' title='bbox 398 2762 462 2820; x_wconf 86' lang='lat' dir='ltr'><strong>viro</strong></span> <span class='ocrx_word' id='word_1_192' title='bbox 475 2763 602 2838; x_wconf 89' lang='lat' dir='ltr'><strong>telisque</strong></span> <span class='ocrx_word' id='word_1_193' title='bbox 617 2762 821 2838; x_wconf 83' lang='lat' dir='ltr'><strong>frequentibus</strong></span> <span class='ocrx_word' id='word_1_194' title='bbox 835 2763 954 2821; x_wconf 90' lang='lat' dir='ltr'><strong>instant.</strong></span> 
     </span>
     <span class='ocr_line' id='line_1_27' title="bbox 177 2857 951 2937; baseline 0.001 -20"><span class='ocrx_word' id='word_1_195' title='bbox 177 2857 244 2931; x_wconf 92' lang='lat' dir='ltr'><strong>Ille,</strong></span> <span class='ocrx_word' id='word_1_196' title='bbox 260 2859 340 2917; x_wconf 86' lang='lat' dir='ltr'><strong>velut</strong></span> <span class='ocrx_word' id='word_1_197' title='bbox 356 2878 454 2937; x_wconf 87' lang='lat' dir='ltr'><strong>rupes,</strong></span> <span class='ocrx_word' id='word_1_198' title='bbox 470 2867 586 2916; x_wconf 85' lang='lat' dir='ltr'><strong>vastum</strong></span> <span class='ocrx_word' id='word_1_199' title='bbox 602 2878 669 2934; x_wconf 82' lang='lat' dir='ltr'><strong>quae</strong></span> <span class='ocrx_word' id='word_1_200' title='bbox 684 2859 779 2937; x_wconf 87' lang='lat' dir='ltr'><strong>prodit</strong></span> <span class='ocrx_word' id='word_1_201' title='bbox 794 2860 823 2917; x_wconf 91' lang='lat' dir='ltr'><strong>in</strong></span> <span class='ocrx_word' id='word_1_202' title='bbox 837 2879 951 2936; x_wconf 81' lang='lat' dir='ltr'><strong>oequor,</strong></span> 
     </span>
     <span class='ocr_line' id='line_1_28' title="bbox 176 2952 864 3030; baseline 0 -19"><span class='ocrx_word' id='word_1_203' title='bbox 176 2952 275 3011; x_wconf 89' lang='lat' dir='ltr'><strong>Obvia</strong></span> <span class='ocrx_word' id='word_1_204' title='bbox 288 2961 440 3011; x_wconf 87' lang='lat' dir='ltr'><strong>ventorum</strong></span> <span class='ocrx_word' id='word_1_205' title='bbox 456 2952 551 3024; x_wconf 88' lang='lat' dir='ltr'><strong>furiis,</strong></span> <span class='ocrx_word' id='word_1_206' title='bbox 567 2961 750 3030; x_wconf 82' lang='lat' dir='ltr'><strong>expostaque</strong></span> <span class='ocrx_word' id='word_1_207' title='bbox 765 2962 864 3030; x_wconf 90' lang='lat' dir='ltr'><strong>ponto,</strong></span> 
     </span>
     <span class='ocr_line' id='line_1_29' title="bbox 176 3046 1167 3124; baseline 0.003 -21"><span class='ocrx_word' id='word_1_208' title='bbox 176 3046 246 3105; x_wconf 88' lang='lat' dir='ltr'><strong>Vim</strong></span> <span class='ocrx_word' id='word_1_209' title='bbox 260 3056 399 3107; x_wconf 90' lang='lat' dir='ltr'><strong>cunctam</strong></span> <span class='ocrx_word' id='word_1_210' title='bbox 413 3056 503 3123; x_wconf 89' lang='lat' dir='ltr'><strong>atque</strong></span> <span class='ocrx_word' id='word_1_211' title='bbox 518 3047 612 3105; x_wconf 82' lang='lat' dir='ltr'><strong>mines</strong></span> <span class='ocrx_word' id='word_1_212' title='bbox 627 3047 737 3124; x_wconf 87' lang='lat' dir='ltr'><strong>perfert</strong></span> <span class='ocrx_word' id='word_1_213' title='bbox 750 3048 880 3124; x_wconf 89' lang='lat' dir='ltr'><strong>coeliquc</strong></span> <span class='ocrx_word' id='word_1_214' title='bbox 894 3047 1055 3122; x_wconf 89' lang='lat' dir='ltr'><strong>marisque,</strong></span> <span class='ocrx_word' id='word_1_215' title='bbox 1106 3046 1167 3106; x_wconf 74' lang='grc'><strong>695</strong></span> 
     </span>
     <span class='ocr_line' id='line_1_30' title="bbox 177 3141 1036 3219; baseline -0.002 -19"><span class='ocrx_word' id='word_1_216' title='bbox 177 3141 248 3219; x_wconf 88' lang='lat' dir='ltr'><strong>lpsa</strong></span> <span class='ocrx_word' id='word_1_217' title='bbox 261 3143 381 3201; x_wconf 91' lang='lat' dir='ltr'><strong>immota</strong></span> <span class='ocrx_word' id='word_1_218' title='bbox 394 3162 518 3200; x_wconf 88' lang='lat' dir='ltr'><strong>manens</strong></span> <span class='ocrx_word' id='word_1_219' title='bbox 530 3161 537 3211; x_wconf 83' lang='lat'>3</span> <span class='ocrx_word' id='word_1_220' title='bbox 561 3142 674 3219; x_wconf 86' lang='lat' dir='ltr'><strong>prolem</strong></span> <span class='ocrx_word' id='word_1_221' title='bbox 687 3141 883 3199; x_wconf 82' lang='lat' dir='ltr'><strong>Dolichaonis</strong></span> <span class='ocrx_word' id='word_1_222' title='bbox 896 3141 1036 3200; x_wconf 89' lang='lat' dir='ltr'><strong>Hebrum</strong></span> 
     </span>
     <span class='ocr_line' id='line_1_31' title="bbox 177 3234 1113 3313; baseline -0.003 -20"><span class='ocrx_word' id='word_1_223' title='bbox 177 3237 288 3293; x_wconf 87' lang='lat' dir='ltr'><strong>Sternit</strong></span> <span class='ocrx_word' id='word_1_224' title='bbox 302 3236 393 3307; x_wconf 90' lang='lat' dir='ltr'><strong>humi,</strong></span> <span class='ocrx_word' id='word_1_225' title='bbox 409 3257 477 3295; x_wconf 90' lang='lat' dir='ltr'><strong>cum</strong></span> <span class='ocrx_word' id='word_1_226' title='bbox 493 3255 551 3313; x_wconf 92' lang='lat' dir='ltr'><strong>quo</strong></span> <span class='ocrx_word' id='word_1_227' title='bbox 564 3236 726 3313; x_wconf 82' lang='lat' dir='ltr'><strong>Latagum,</strong></span> <span class='ocrx_word' id='word_1_228' title='bbox 742 3234 936 3311; x_wconf 81' lang='lat' dir='ltr'><strong>Palmumque</strong></span> <span class='ocrx_word' id='word_1_229' title='bbox 950 3234 1113 3312; x_wconf 85' lang='lat' dir='ltr'><strong>fugacem:</strong></span> 
     </span>
     <span class='ocr_line' id='line_1_32' title="bbox 177 3327 999 3407; baseline -0.001 -21"><span class='ocrx_word' id='word_1_230' title='bbox 177 3327 235 3386; x_wconf 92' lang='lat' dir='ltr'><strong>Sed</strong></span> <span class='ocrx_word' id='word_1_231' title='bbox 249 3328 398 3407; x_wconf 83' lang='lat' dir='ltr'><strong>Latagum</strong></span> <span class='ocrx_word' id='word_1_232' title='bbox 412 3350 486 3387; x_wconf 85' lang='lat' dir='ltr'><strong>saxo</strong></span> <span class='ocrx_word' id='word_1_233' title='bbox 500 3338 590 3404; x_wconf 90' lang='lat' dir='ltr'><strong>atque</strong></span> <span class='ocrx_word' id='word_1_234' title='bbox 606 3328 717 3406; x_wconf 85' lang='lat' dir='ltr'><strong>ingenti</strong></span> <span class='ocrx_word' id='word_1_235' title='bbox 732 3327 877 3405; x_wconf 89' lang='lat' dir='ltr'><strong>fragmine</strong></span> <span class='ocrx_word' id='word_1_236' title='bbox 892 3327 999 3385; x_wconf 90' lang='lat' dir='ltr'><strong>montis</strong></span> 
     </span>
     <span class='ocr_line' id='line_1_33' title="bbox 176 3420 1018 3499; baseline -0.004 -19"><span class='ocrx_word' id='word_1_237' title='bbox 176 3420 313 3499; x_wconf 86' lang='lat' dir='ltr'><strong>Occupat</strong></span> <span class='ocrx_word' id='word_1_238' title='bbox 328 3442 361 3480; x_wconf 91' lang='lat' dir='ltr'><strong>os</strong></span> <span class='ocrx_word' id='word_1_239' title='bbox 375 3422 542 3497; x_wconf 88' lang='lat' dir='ltr'><strong>faciemque</strong></span> <span class='ocrx_word' id='word_1_240' title='bbox 557 3421 735 3490; x_wconf 81' lang='lat' dir='ltr'><strong>adversam3</strong></span> <span class='ocrx_word' id='word_1_241' title='bbox 759 3421 867 3498; x_wconf 93' lang='lat' dir='ltr'><strong>poplite</strong></span> <span class='ocrx_word' id='word_1_242' title='bbox 881 3420 1018 3479; x_wconf 90' lang='lat' dir='ltr'><strong>Palmum</strong></span> 
     </span>
     <span class='ocr_line' id='line_1_34' title="bbox 177 3514 1165 3592; baseline -0.001 -18"><span class='ocrx_word' id='word_1_243' title='bbox 177 3516 302 3574; x_wconf 91' lang='lat' dir='ltr'><strong>Succiso</strong></span> <span class='ocrx_word' id='word_1_244' title='bbox 316 3516 393 3573; x_wconf 86' lang='lat' dir='ltr'><strong>volvi</strong></span> <span class='ocrx_word' id='word_1_245' title='bbox 408 3533 531 3592; x_wconf 87' lang='lat' dir='ltr'><strong>segnem</strong></span> <span class='ocrx_word' id='word_1_246' title='bbox 546 3515 625 3585; x_wconf 90' lang='lat' dir='ltr'><strong>sinit,</strong></span> <span class='ocrx_word' id='word_1_247' title='bbox 642 3534 785 3591; x_wconf 87' lang='lat' dir='ltr'><strong>armaque</strong></span> <span class='ocrx_word' id='word_1_248' title='bbox 803 3514 906 3572; x_wconf 87' lang='lat' dir='ltr'><strong>Lauso</strong></span> <span class='ocrx_word' id='word_1_249' title='bbox 1105 3514 1165 3573; x_wconf 67' lang='grc' dir='ltr'><strong>’ἴω</strong></span> 
     </span>
     <span class='ocr_line' id='line_1_35' title="bbox 175 3607 970 3685; baseline 0 -19"><span class='ocrx_word' id='word_1_250' title='bbox 175 3608 276 3666; x_wconf 88' lang='lat' dir='ltr'><strong>Donat</strong></span> <span class='ocrx_word' id='word_1_251' title='bbox 290 3609 402 3666; x_wconf 89' lang='lat' dir='ltr'><strong>hnbere</strong></span> <span class='ocrx_word' id='word_1_252' title='bbox 416 3607 557 3678; x_wconf 86' lang='lat' dir='ltr'><strong>humeris,</strong></span> <span class='ocrx_word' id='word_1_253' title='bbox 573 3616 602 3665; x_wconf 92' lang='lat' dir='ltr'><strong>et</strong></span> <span class='ocrx_word' id='word_1_254' title='bbox 617 3608 729 3665; x_wconf 87' lang='lat' dir='ltr'><strong>vertice</strong></span> <span class='ocrx_word' id='word_1_255' title='bbox 745 3607 838 3685; x_wconf 87' lang='lat' dir='ltr'><strong>figere</strong></span> <span class='ocrx_word' id='word_1_256' title='bbox 853 3607 970 3666; x_wconf 83' lang='lat' dir='ltr'><strong>cristas.</strong></span> 
     </span>
     <span class='ocr_line' id='line_1_36' title="bbox 175 3700 1031 3782; baseline -0.002 -22"><span class='ocrx_word' id='word_1_257' title='bbox 175 3701 205 3760; x_wconf 94' lang='lat' dir='ltr'><strong>N</strong></span> <span class='ocrx_word' id='word_1_258' title='bbox 207 3720 243 3758; x_wconf 92' lang='lat' dir='ltr'><strong>ec</strong></span> <span class='ocrx_word' id='word_1_259' title='bbox 258 3722 316 3760; x_wconf 91' lang='lat' dir='ltr'><strong>uon</strong></span> <span class='ocrx_word' id='word_1_260' title='bbox 330 3700 490 3782; x_wconf 83' lang='lat' dir='ltr'><strong>Euanthen</strong></span> <span class='ocrx_word' id='word_1_261' title='bbox 504 3701 676 3778; x_wconf 86' lang='lat' dir='ltr'><strong>Phrygium,</strong></span> <span class='ocrx_word' id='word_1_262' title='bbox 694 3700 870 3777; x_wconf 86' lang='lat' dir='ltr'><strong>Paridisque</strong></span> <span class='ocrx_word' id='word_1_263' title='bbox 884 3700 1031 3759; x_wconf 86' lang='lat' dir='ltr'><strong>Mimanta</strong></span> 
     </span>
     <span class='ocr_line' id='line_1_37' title="bbox 176 3791 1006 3870; baseline 0 -19"><span class='ocrx_word' id='word_1_264' title='bbox 176 3793 342 3869; x_wconf 88' lang='lat' dir='ltr'><strong>AEqualem</strong></span> <span class='ocrx_word' id='word_1_265' title='bbox 356 3793 551 3869; x_wconf 89' lang='lat' dir='ltr'><strong>comitemque</strong></span> <span class='ocrx_word' id='word_1_266' title='bbox 568 3811 575 3862; x_wconf 92' lang='grc'><strong>;</strong></span> <span class='ocrx_word' id='word_1_267' title='bbox 600 3791 661 3850; x_wconf 70' lang='lat' dir='ltr'><strong>unit</strong></span> <span class='ocrx_word' id='word_1_268' title='bbox 675 3813 764 3870; x_wconf 91' lang='lat' dir='ltr'><strong>quem</strong></span> <span class='ocrx_word' id='word_1_269' title='bbox 777 3800 865 3852; x_wconf 89' lang='lat' dir='ltr'><strong>nocte</strong></span> <span class='ocrx_word' id='word_1_270' title='bbox 880 3792 1006 3851; x_wconf 88' lang='lat' dir='ltr'><strong>Theano</strong></span> 
     </span>
     <span class='ocr_line' id='line_1_38' title="bbox 176 3887 1001 3966; baseline 0.004 -22"><span class='ocrx_word' id='word_1_271' title='bbox 176 3887 211 3945; x_wconf 96' lang='lat' dir='ltr'><strong>In</strong></span> <span class='ocrx_word' id='word_1_272' title='bbox 226 3887 323 3945; x_wconf 89' lang='lat' dir='ltr'><strong>lucem</strong></span> <span class='ocrx_word' id='word_1_273' title='bbox 336 3888 464 3965; x_wconf 88' lang='lat' dir='ltr'><strong>genitori</strong></span> <span class='ocrx_word' id='word_1_274' title='bbox 479 3889 594 3963; x_wconf 87' lang='lat' dir='ltr'><strong>Amyco</strong></span> <span class='ocrx_word' id='word_1_275' title='bbox 608 3887 699 3959; x_wconf 91' lang='lat' dir='ltr'><strong>dedit,</strong></span> <span class='ocrx_word' id='word_1_276' title='bbox 715 3896 744 3946; x_wconf 90' lang='lat' dir='ltr'><strong>et</strong></span> <span class='ocrx_word' id='word_1_277' title='bbox 759 3888 824 3947; x_wconf 85' lang='lat' dir='ltr'><strong>face</strong></span> <span class='ocrx_word' id='word_1_278' title='bbox 839 3908 1001 3966; x_wconf 73' lang='lat' dir='ltr'><strong>pregnans</strong></span> 
     </span>
     <span class='ocr_line' id='line_1_39' title="bbox 177 3979 1166 4059; baseline 0.001 -19"><span class='ocrx_word' id='word_1_279' title='bbox 177 3979 294 4040; x_wconf 88' lang='lat' dir='ltr'><strong>Cisseis</strong></span> <span class='ocrx_word' id='word_1_280' title='bbox 307 3981 413 4059; x_wconf 89' lang='lat' dir='ltr'><strong>regina</strong></span> <span class='ocrx_word' id='word_1_281' title='bbox 425 3980 515 4038; x_wconf 91' lang='lat' dir='ltr'><strong>Parin</strong></span> <span class='ocrx_word' id='word_1_282' title='bbox 533 3999 539 4036; x_wconf 94' lang='lat'><strong>:</strong></span> <span class='ocrx_word' id='word_1_283' title='bbox 562 3980 648 4038; x_wconf 83' lang='lat' dir='ltr'><strong>Paris</strong></span> <span class='ocrx_word' id='word_1_284' title='bbox 664 3983 735 4039; x_wconf 91' lang='lat' dir='ltr'><strong>urbe</strong></span> <span class='ocrx_word' id='word_1_285' title='bbox 752 3981 878 4059; x_wconf 73' lang='lat' dir='ltr'><strong>paternis</strong></span> <span class='ocrx_word' id='word_1_286' title='bbox 1105 3982 1166 4041; x_wconf 71' lang='grc'><strong>705</strong></span> 
     </span>
     <span class='ocr_line' id='line_1_40' title="bbox 176 4074 982 4153; baseline 0.002 -20"><span class='ocrx_word' id='word_1_287' title='bbox 176 4074 314 4133; x_wconf 87' lang='lat' dir='ltr'><strong>Occubat</strong></span> <span class='ocrx_word' id='word_1_288' title='bbox 330 4094 338 4144; x_wconf 82' lang='lat'>3</span> <span class='ocrx_word' id='word_1_289' title='bbox 362 4075 498 4153; x_wconf 88' lang='lat' dir='ltr'><strong>ignarum</strong></span> <span class='ocrx_word' id='word_1_290' title='bbox 509 4074 645 4133; x_wconf 84' lang='lat' dir='ltr'><strong>Laurens</strong></span> <span class='ocrx_word' id='word_1_291' title='bbox 660 4075 748 4133; x_wconf 85' lang='lat' dir='ltr'><strong>habet</strong></span> <span class='ocrx_word' id='word_1_292' title='bbox 763 4095 816 4133; x_wconf 88' lang='lat' dir='ltr'><strong>ora</strong></span> <span class='ocrx_word' id='word_1_293' title='bbox 828 4075 982 4135; x_wconf 88' lang='lat' dir='ltr'><strong>Mimanta.</strong></span> 
     </span>
     <span class='ocr_line' id='line_1_41' title="bbox 176 4167 912 4228; baseline 0.001 -2"><span class='ocrx_word' id='word_1_294' title='bbox 176 4169 223 4227; x_wconf 90' lang='lat' dir='ltr'><strong>Ac</strong></span> <span class='ocrx_word' id='word_1_295' title='bbox 237 4168 317 4226; x_wconf 85' lang='lat' dir='ltr'><strong>velut</strong></span> <span class='ocrx_word' id='word_1_296' title='bbox 331 4167 380 4227; x_wconf 89' lang='lat' dir='ltr'><strong>ille</strong></span> <span class='ocrx_word' id='word_1_297' title='bbox 395 4188 503 4228; x_wconf 85' lang='lat' dir='ltr'><strong>cenum</strong></span> <span class='ocrx_word' id='word_1_298' title='bbox 518 4189 618 4228; x_wconf 77' lang='lat' dir='ltr'><strong>momu</strong></span> <span class='ocrx_word' id='word_1_299' title='bbox 632 4169 669 4227; x_wconf 88' lang='lat' dir='ltr'><strong>de</strong></span> <span class='ocrx_word' id='word_1_300' title='bbox 683 4169 831 4227; x_wconf 90' lang='lat' dir='ltr'><strong>montibus</strong></span> <span class='ocrx_word' id='word_1_301' title='bbox 845 4169 912 4227; x_wconf 87' lang='lat' dir='ltr'><strong>altis</strong></span> 
     </span>
    </p>
   </div>
   <div class='ocr_carea' id='block_1_5' title="bbox 0 0 1353 5122">
    <p class='ocr_par' dir='ltr' id='par_1_13' title="bbox 0 0 1353 5122">
     <span class='ocr_line' id='line_1_42' title="bbox 0 0 1353 5122; baseline 0 0"><span class='ocrx_word' id='word_1_302' title='bbox 0 0 1353 5122; x_wconf 95' lang='lat' dir='ltr'><strong> </strong></span> 
     </span>
    </p>
   </div>
  </div>
 </body>
</html>
