2692 5122
237 335 254 391 3
523 324 551 373 Ρ.
570 325 737 373 VIRGlLII
755 323 927 372 Minurus

237 464 352 525 Stultus
365 482 423 543 ego
436 462 629 523 huic'nostrae
643 464 777 533 similem,
793 462 851 539 qud
866 462 946 542 saepd
960 463 1091 523 solemus

236 559 379 619 Pastores
393 559 491 617 ovium
505 567 625 617 teneros
639 559 789 636 depellere
803 559 903 617 soetus.

237 653 287 712 Sic
301 653 427 711 canibus
442 653 557 711 catulos
572 652 693 723 similes,
709 653 753 710 sic
767 652 918 719 matribus,
925 651 1028 710 haedos

236 746 265 805 N
268 745 352 805 brana
364 765 372 816 ;
396 745 440 805 sic
455 746 555 825 parvis
569 762 748 823 componere
762 763 873 822 magna
886 744 1028 804 solebam.

236 839 349 899 veram
363 840 428 899 haec
442 839 556 926 tantiim
571 840 644 897 alias
658 839 734 898 inter
747 847 837 917 caput
851 839 955 896 extulit
969 839 1070 911 urbes,

237 932 390 1003 Quantium
403 935 484 993 lenta
497 935 593 993 solent
607 934 684 992 iuter
698 932 824 991 viburna
839 932 985 1010 cupressi.

639 1109 816 1149 MELIBOEUS.

235 1214 276 1274 at
290 1234 357 1292 quae
370 1222 455 1275 tanta
469 1214 522 1273 suit
536 1214 664 1273 Romam
677 1215 731 1272 tibi
745 1233 838 1273 causa
852 1213 969 1273 videndi
985 1213 995 1271 l

657 1390 797 1432 Tirinus.

234 1492 394 1553 Libertas:
418 1515 484 1571 quas
500 1514 579 1566 sera,
594 1502 692 1552 tamen
707 1496 837 1572 respexit
852 1495 987 1566 inertem,

236 1585 401 1646 Candidior
415 1597 571 1665 postquam
585 1588 719 1646 tondenti
734 1590 827 1645 barba
840 1588 966 1645 cadebat
982 1605 989 1643 :

234 1680 379 1758 Respexit
393 1690 504 1753 tamen,
520 1691 549 1739 et
565 1682 654 1759 longo
670 1681 735 1759 pdst
749 1691 881 1758 tempore
896 1682 987 1753 venit,

233 1773 397 1850 Postquam
412 1792 467 1832 nos
480 1773 644 1852 Amaryllis
657 1775 758 1846 habet,
773 1774 903 1832 Galatea
916 1774 1046 1852 reliquit.

233 1867 384 1943 Namque,
401 1866 516 1925 fatebor
530 1868 690 1939 enim,dum
704 1888 751 1926 me
765 1866 895 1926 Galatea
908 1869 1041 1939 tenebat,

233 1959 302 2018 Nec
315 1980 384 2038 spes
398 1961 544 2019 libertatis
559 1970 632 2033 erat,
649 1981 705 2019 nec
720 1981 795 2020 cura
809 1959 909 2039 peculi
924 1980 931 2017 :

234 2051 380 2120 Quamvis
393 2052 486 2111 multa
499 2054 574 2112 meis
588 2055 681 2112 exiret
697 2055 816 2112 victima
829 2053 931 2131 septis,

226 2136 359 2224 ¹Pinguis
373 2154 402 2206 et
416 2147 541 2226 ingratae
556 2155 742 2225 premeretur
755 2165 864 2204 caseus
879 2147 956 2218 urbi,

235 2240 262 2298 N
266 2260 303 2299 ou
318 2260 450 2317 unquam
463 2241 565 2318 gravis
579 2261 639 2299 aere
653 2239 772 2298 domum
786 2240 856 2297 mihi
870 2239 975 2315 dextra
988 2241 1113 2302 redibat.

639 2414 817 2456 MEMBOEUS.

234 2520 381 2593 Mirabar,
398 2521 466 2598 quid
481 2528 588 2580 moesta
602 2520 685 2593 deos,
701 2522 857 2598 Amarylli,
873 2541 998 2582 vocares
1014 2541 1022 2593 ;

236 2613 295 2674 Cui
309 2614 439 2690 pendere
453 2611 510 2672 sud
524 2614 669 2691 patereris
683 2615 713 2692 in
727 2616 835 2673 arbore
850 2634 936 2693 poma
952 2636 959 2674 ε

234 2707 358 2784 Tityrus
370 2707 438 2766 hinc
454 2709 565 2766 aberat.
609 2706 686 2785 Ipsae
701 2716 742 2780 te,
757 2709 874 2786 Tityre,
891 2709 987 2786 pinus,

235 2796 296 2878 lpsi
309 2809 338 2858 te
350 2800 457 2872 sontes,
473 2800 538 2878 ipsa
551 2801 617 2860 baec
632 2803 766 2873 arbusta,
783 2805 940 2862 vocabant.

657 2976 797 3019 TITYRUS.

234 3082 315 3150 Quid
329 3083 461 3141 facerem
477 3080 489 3139 l
510 3103 608 3161 neque
623 3086 743 3144 servitio
758 3105 804 3143 me
817 3086 899 3143 exire
914 3085 1034 3160 licebat,

233 3176 300 3235 Nec
315 3184 376 3234 tam
390 3185 554 3254 presentes
568 3178 639 3236 alibi
653 3198 837 3257 cognoscere
852 3179 944 3239 divos.

234 3268 296 3328 Hic
310 3271 393 3328 illum
405 3269 465 3327 vidi
475 3270 627 3346 juvenem,
644 3272 798 3343 Meliboee,
816 3273 974 3348 quotannis

232 3362 286 3422 Bis
300 3380 389 3421 senos
402 3361 452 3421 cui
465 3371 567 3421 nostra
581 3364 644 3422 dies
658 3365 765 3423 altaria
779 3367 901 3425 sumant.

233 3452 295 3513 Hic
310 3455 380 3513 mihi
393 3474 568 3534 responsum
582 3458 693 3534 primus
708 3458 787 3516 dedit
802 3459 850 3516 ille
866 3459 977 3537 petenti
992 3479 1000 3518 :

237 3555 257 3582 ‘⁸
268 3550 399 3622 Pascite,
415 3558 447 3609 ut
462 3551 541 3624 ante,
558 3552 660 3624 boves,
677 3554 762 3631 pueri
778 3573 785 3622 ;
809 3555 969 3613 submittite
983 3556 1121 3616 tauros.”

637 3729 814 3771 MELIBOEUS.

233 3829 398 3891 Fortunate
409 3837 520 3892 senex!
542 3855 615 3914 ergo
627 3845 680 3894 tua
695 3856 766 3895 rura
780 3838 939 3896 manebunt
953 3842 960 3897 t

233 3923 274 3982 Et
288 3925 340 3982 tibi
354 3945 463 4005 magna
476 3927 560 3999 satis,
577 3931 710 4005 quamvis
725 3931 799 4009 lapis
814 3931 911 3989 omnia
925 3931 1022 3991 nudus

233 4016 414 4094 Limosoque
429 4021 514 4097 palus
528 4022 656 4081 obducat
672 4044 784 4100 pascua
793 4025 895 4101 junco.

234 4108 303 4172 Non
318 4112 435 4171 insueta
446 4132 555 4192 graves
568 4118 723 4176 tentabunt
738 4119 847 4196 pabula
861 4120 961 4192 foetas,
