2692 5122
507 776 682 824 marinos
702 776 772 824 ars.
787 761 833 824 ili.
1096 778 1155 836 25³

174 913 202 974 0
214 914 361 992 genetrix,
378 914 435 991 qud
450 914 511 972 fata
524 933 616 972 voces
630 915 641 970 l
663 924 712 972 aut
727 914 797 991 quid
811 921 886 991 petis
899 912 964 971 istis
978 911 989 967 l

172 1007 331 1065 Mortaline
345 1026 433 1065 manu
448 1007 533 1065 sectae
548 1008 712 1066 immortale
732 1008 843 1066 carinae
1120 1005 1158 1062 96

174 1099 234 1159 Fas
248 1100 404 1157 habeant?
425 1109 585 1176 certusque
600 1101 715 1158 incerta
730 1101 863 1177 pericula
876 1099 982 1157 lustret

175 1193 292 1277 AEneas
306 1193 317 1248 l
340 1191 398 1252 cui
411 1200 495 1251 tauta
508 1192 565 1250 deo
580 1194 725 1269 permissa
744 1202 874 1271 potestas
888 1192 899 1247 l

176 1286 277 1356 Immo,
294 1287 345 1344 ubi
359 1284 505 1344 defunctae
521 1286 610 1344 linem
624 1295 785 1362 portusque
803 1287 945 1344 tenebunt

176 1380 334 1450 Ausonios,
351 1379 420 1436 olim
435 1398 630 1455 quecumque
644 1379 774 1436 evaserit
790 1379 893 1448 undas,

174 1471 419 1548 Dardaniumque
433 1473 539 1530 ducem
554 1472 719 1530 Laurentia
734 1472 846 1530 rexerit
861 1489 944 1540 arva,

176 1565 333 1623 Mortalem
348 1564 471 1641 eripiam
485 1565 620 1635 sormam,
636 1564 795 1642 magnique
806 1565 918 1639 jubebo

177 1657 321 1734 AEquoris
335 1677 402 1714 esse
416 1658 488 1714 deas
504 1677 510 1714 :
535 1658 631 1733 qualis
645 1659 759 1715 Nereia
772 1657 853 1714 Doto

176 1751 216 1810 Et
228 1751 358 1810 Galatea
372 1759 476 1808 secant
491 1760 676 1827 spumantem
689 1758 809 1826 pectore
823 1757 953 1825 pontum.

177 1842 301 1902 Dixerat
315 1863 322 1912 ;
346 1843 436 1919 idque
452 1852 550 1901 ratum
564 1843 659 1920 Stygii
674 1862 725 1920 per
739 1843 859 1900 flumina
873 1840 985 1912 fratris,

176 1935 234 1997 Per
248 1939 315 2015 pice
328 1944 476 1994 torrentes
491 1935 616 2011 utrique
632 1936 773 2012 voragine
787 1936 879 2012 ripas,

177 2030 298 2100 Annuit,
314 2036 449 2086 ettotam
463 2037 534 2086 nutu
550 2028 715 2085 tremefecit
731 2028 899 2105 Olympum.

214 2123 298 2199 Ergo
313 2121 414 2178 aderat
429 2122 573 2198 promissa
587 2122 661 2191 dies,
678 2130 707 2178 et
721 2130 854 2197 tempora
868 2120 973 2178 Parcae

177 2214 288 2274 Debita
302 2212 494 2291 complerant,
512 2219 607 2289 quum
615 2214 711 2272 Turni
726 2215 833 2289 injuria
845 2212 974 2271 Matrem

178 2308 335 2367 Admonuit
349 2308 462 2365 retibus
476 2308 570 2365 sacris
584 2307 733 2382 depellere
748 2307 851 2365 taedas.

176 2401 240 2460 Hic
255 2400 378 2477 primunr
392 2419 469 2457 nove
482 2400 532 2456 lux
546 2400 641 2457 oculis
655 2399 777 2468 offulsit,
793 2408 822 2456 et
836 2399 942 2474 ingens

177 2492 268 2552 Visus
282 2495 320 2551 ab
334 2491 454 2552 Aurora
467 2493 576 2550 coelum
589 2501 794 2549 transcurrere
809 2491 936 2561 nimbus,

178 2587 308 2664 Idaeique
322 2587 405 2645 chori
420 2606 427 2655 ;
452 2596 513 2643 turn
528 2606 585 2643 vox
598 2585 746 2643 horrende
761 2605 813 2662 per
828 2603 917 2643 auras

177 2683 306 2754 Excidit,
323 2691 351 2740 et
365 2684 479 2741 Troum
493 2682 731 2755 Rutulorumque
747 2681 866 2757 agmina
880 2678 1027 2756 complet:

178 2776 223 2835 Ne
237 2777 384 2853 trepidate
399 2795 492 2846 meas,
508 2775 631 2845 Teucri,
649 2773 808 2831 defendere
823 2792 926 2843 naves,

177 2869 261 2928 Neve
276 2878 390 2926 armate
403 2888 508 2926 manus
523 2887 530 2935 ;
555 2868 650 2924 maria
664 2866 731 2924 antd
746 2885 872 2924 exurere
886 2865 990 2923 Turno

179 2960 276 3029 Quum
290 2980 393 3019 sacras
406 2962 523 3018 dabitur
537 2961 631 3038 pinus.
674 2960 747 3031 Vos,
764 2960 803 3017 ite
818 2960 933 3030 solutae,

179 3054 232 3125 lte,
249 3055 313 3112 dem
329 3054 446 3130 pelagi;
471 3054 615 3112 Genetrix
626 3053 720 3129 jubet.
762 3053 803 3111 Et
817 3073 873 3117 sua
888 3069 1015 3128 querque

179 3146 329 3206 Continuo
345 3167 456 3224 puppes
470 3149 646 3224 abrumpunt
661 3147 779 3205 vincula
793 3147 875 3223 ripis,

178 3236 418 3317 Delphimimque
432 3240 518 3297 modo
533 3239 676 3297 demersis
691 3259 812 3315 aequora
830 3239 934 3296 rostris

178 3331 242 3391 lma
257 3341 367 3409 petunt.
409 3332 492 3390 Hinc
507 3332 647 3409 virgineae
664 3331 812 3407 (mirabile
830 3338 993 3414 monstrum
1007 3331 1030 3404 l)

182 3424 275 3501 [Quot
292 3424 371 3501 priiis
385 3433 485 3483 aeratae
499 3432 643 3481 steterant
657 3423 695 3479 ad
709 3423 807 3481 littora
821 3421 941 3499 prorae,]

179 3517 318 3576 Reddunt
333 3538 365 3576 se
380 3518 502 3575 totidem
516 3517 771 3592 facies,pontoque
786 3515 930 3571 feruntur.

218 3611 408 3690 Obstupuere
424 3610 527 3668 animis
541 3609 647 3667 Rutuli
663 3629 670 3677 ;
694 3607 872 3666 conterritus
886 3607 949 3683 ipse

180 3705 321 3763 Turbatis
335 3706 495 3781 Messapus
509 3691 594 3779 equis
610 3721 618 3770 ;
642 3709 800 3759 cunctetur
813 3708 843 3757 et
858 3699 953 3757 amnis

178 3798 288 3857 Rauca
301 3818 420 3867 sonans,
438 3805 617 3872 revocatque
632 3795 737 3872 pedem
749 3794 910 3851 Tiberinus
925 3794 962 3851 ab
977 3791 1048 3852 alto.
1107 3792 1161 3851 125

180 3889 219 3949 At
233 3911 293 3949 non
307 3890 414 3947 audaci
429 3890 519 3946 cessit
533 3889 642 3946 fiducia
655 3888 759 3946 Turno
776 3907 784 3956 ;

80 4042 84 4055 ,
180 3985 263 4044 Ultro
278 3986 392 4043 animos
406 3985 479 4042 tollit
494 3985 590 4054 dictis,
608 3993 697 4060 atque
712 3984 846 4060 increpat
862 3983 940 4040 ultro
955 4001 962 4038 ι

179 4078 327 4155 Trojanos
341 4079 405 4136 haec
420 4086 550 4135 monstra
566 4085 667 4153 petunt
681 4097 689 4147 ;
713 4077 758 4135 his
771 4077 890 4152 Jupiter
903 4076 967 4152 ipse

179 4172 329 4229 Auxilium
342 4172 458 4228 solitum
473 4170 579 4246 eripuit
596 4190 602 4227 :
625 4190 683 4228 non
697 4171 767 4240 telo,
783 4189 839 4227 nec
854 4170 938 4245 ignes

177 4263 363 4342 Exspectant
377 4264 513 4322 Rutulos.
556 4263 640 4341 Ergo
654 4263 748 4321 maria
762 4263 841 4321 invia
853 4261 993 4331 Teucris,

76 4408 80 4414 .
180 4360 245 4419 Nec
259 4380 330 4437 spes
344 4360 404 4417 ulla
418 4359 496 4436 sugae
513 4378 519 4416 :
543 4379 641 4417 rerum
656 4378 724 4436 pars
738 4358 832 4417 altera
846 4358 984 4434 adempta
998 4362 1044 4414 cst
1058 4373 1066 4426 ;
1081 4392 1083 4396 ι

179 4452 277 4511 Terra
291 4461 390 4509 autern
404 4451 433 4509 in
448 4452 557 4510 nostris
570 4453 706 4510 manibus
721 4471 729 4520 ;
752 4460 794 4508 tot
809 4452 909 4521 millia,
926 4457 1031 4528 gentes

180 4547 273 4605 Arma
287 4547 385 4605 serunt
399 4544 493 4604 Italae.
537 4546 587 4604 Nil
601 4565 648 4603 me
663 4545 765 4603 satalia
778 4552 901 4614 terrent,

495 4640 535 4695 22
