2692 5122
520 750 698 800 AErtalnos
718 753 786 800 ms.
801 754 820 800 1.

178 885 291 946 Scindit
306 906 339 945 se
354 888 460 961 nubes,
477 898 506 948 et
521 891 552 949 in
567 893 679 951 aethera
695 903 802 974 purgat
816 901 961 972 apertum.

175 979 298 1040 Restitit
314 980 440 1054 AEneas,
457 984 602 1062 clarique
618 988 647 1045 in
669 988 736 1046 luce
751 989 876 1061 refulsit,

176 1075 219 1133 Os
233 1076 434 1153 humerosque
448 1077 506 1137 deo
521 1081 645 1138 similis:
669 1102 795 1159 namque
811 1085 875 1160 ipsa
889 1084 1031 1143 deeomm

177 1169 344 1228 Coesarrem
359 1180 429 1229 nato
443 1175 591 1250 genetrix
608 1175 767 1253 lumenque
784 1177 917 1267 ιἰιοιιιιιιιι
1111 1178 1171 1236 590

173 1263 374 1342 Purpureum,
391 1275 421 1324 et
435 1267 521 1325 laetos
536 1270 631 1326 oeulis
648 1270 766 1329 afflarat
773 1242 944 1333 hdriores..

174 1358 275 1425 Quale
291 1378 397 1417 manus
411 1360 523 1420 addunt
538 1365 621 1421 ebori
636 1364 751 1434 decus3
775 1376 827 1424 aut
842 1367 892 1424 ubi
907 1340 985 1426 nivo

174 1454 353 1532 Argentum,
368 1454 516 1515 Pariusve
536 1458 623 1536 lapis,
640 1460 843 1518 circumdatur
857 1481 941 1520 auro.

214 1547 292 1607 Tum
307 1549 351 1608 sie
366 1551 502 1631 reginam
517 1553 688 1629 alloquitur,
704 1555 881 1632 cunctisque
896 1553 1020 1631 repente

174 1641 358 1720 Improvisus
372 1646 435 1703 ait:
463 1645 586 1719 Cordm‚
603 1669 691 1724 quern
707 1651 850 1726 quaeritis,
868 1650 973 1709 adsum
1110 1650 1171 1709 ⁵95

173 1736 287 1796 Troius
300 1738 432 1811 AEneas,
449 1740 575 1817 Libyeis
590 1753 710 1823 ereptus
725 1746 762 1801 ab
779 1743 875 1804 undis.

174 1830 281 1890 Osola
296 1832 432 1891 infandos
446 1834 548 1911 Trojae
563 1824 704 1895 mis'er'atu
719 1839 849 1911 labores,

175 1924 252 1993 Quae
267 1947 322 1985 nos
326 1929 494 2005 ,reliquias
510 1927 650 1988 Danaum
653 1941 837 2009 ,t,erraeque
854 1933 1017 2010 marisque,

175 2019 320 2079 Omnibus
334 2022 522 2105 exhaustos'
511 2044 575 2103 jam
590 2026 720 2099 casibus,
737 2028 868 2085 omnium
882 2047 1007 2106 egenos,

174 2112 267 2186 Urbe,
284 2115 382 2187 domo,
396 2117 514 2176 socias!
536 2128 639 2199 grates
658 2102 829 2198 persirliere
845 2123 952 2200 dignas
1111 2122 1171 2179 600

175 2208 243 2267 Νοιι
261 2212 326 2288 opis
341 2224 386 2269 est
400 2223 521 2286 nostrie,
537 2215 628 2285 Dido,
646 2235 703 2273 nee
718 2217 861 2313 quidquid
877 2217 989 2293 ubique
1004 2224 1050 2275 est

175 2304 282 2363 Gentis
295 2306 471 2378 Dardaniae,
488 2328 630 2386 magnum
646 2330 712 2385 quae
727 2286 833 2387 sparsa
848 2330 901 2386 per
915 2313 1028 2369 orbem.

174 2399 216 2457 Di
229 2400 293 2471 tibi,
310 2401 335 2459 si
350 2421 411 2478 qua
426 2402 490 2478 pios
505 2411 676 2479 respectant
691 2404 822 2473 numina,
840 2405 865 2461 si
881 2403 950 2480 quid

174 2493 309 2573 Usquam
325 2496 443 2571 justitia
460 2505 515 2567 est,
533 2511 562 2553 et
577 2515 661 2553 mens
674 2497 731 2553 sibi
746 2497 868 2554 conscia
881 2497 966 2568 recti,

173 2589 302 2649 Praemia
315 2591 407 2668 digna
420 2591 525 2648 serant
570 2590 647 2656 Quae
663 2598 768 2647 tetam
783 2592 852 2648 laeta
866 2591 998 2649 tulerunt
1111 2594 1170 2652 606

174 2684 320 2743 Saeeula?
343 2685 393 2761 qui
408 2684 481 2741 tanti
496 2684 587 2741 talem
601 2681 736 2760 genuere
752 2685 920 2762 parentes?

175 2777 209 2836 ln
229 2778 307 2837 freta
321 2778 391 2836 dum
405 2779 485 2837 fluvii
500 2786 633 2849 current,
651 2778 721 2836 dum
735 2780 883 2838 montibus
899 2782 1010 2839 umbrae

173 2873 360 2933 Lustrabunt
374 2893 517 2944 convexa,
535 2874 620 2949 polus
635 2873 704 2931 dum
718 2875 817 2932 sidera
832 2882 946 2952 pascet,

174 2970 299 3046 Semper
314 2969 418 3039 bonos,
435 2988 602 3044 nomenque
621 2977 716 3039 tuum,
733 2969 898 3045 laudesque
913 2970 1086 3043 manebunt,

173 3062 252 3131 Qua
268 3082 314 3120 me
330 3082 457 3138 eumque
474 3071 580 3120 vocant
595 3071 693 3121 terrm.
737 3064 890 3135 Sicfatus,
908 3064 1037 3123 amicum
1109 3065 1169 3123 610

174 3156 289 3214 Ilionea
305 3157 376 3233 petit
390 3155 505 3225 dextri,
523 3154 659 3233 laevdque
675 3159 829 3215 Serestum
844 3177 851 3226 ;

172 3249 258 3322 Post,
275 3251 359 3322 alios,
376 3250 541 3326 sortemque
556 3250 657 3326 Gyan,
674 3250 841 3326 sortemque
857 3249 1047 3310 Cloanthum.

212 3344 373 3421 Obstupuit
388 3343 481 3421 primd
497 3344 640 3419 adspectu
657 3344 779 3401 Sidonia
793 3343 885 3414 Dido,

174 3438 258 3500 Casu
273 3438 380 3496 deinde
395 3439 451 3496 viri
470 3448 552 3495 tanto
567 3456 575 3506 3
600 3446 629 3494 et
644 3437 688 3493 sie
703 3456 755 3493 ore
771 3437 871 3492 locuta
886 3444 931 3493 est
947 3454 954 3492 ι

174 3532 252 3600 Quis
266 3542 306 3603 te
323 3541 393 3590 nate
408 3531 477 3601 deu
494 3550 547 3607 per
561 3539 644 3587 tanta
660 3529 794 3606 pericula
809 3548 898 3585 casus
1110 3531 1168 3588 615

160 3626 347 3705 Insequitur
363 3627 374 3682 ?
397 3646 464 3701 qua·
479 3625 524 3681 vis
539 3624 716 3680 immanibus
732 3623 861 3700 applicat
876 3622 1045 3707 ⁰[lss.

119 3716 148 3757 s
173 3725 261 3784 Tune
282 3726 331 3783 ille
345 3726 476 3795 AEneas
495 3743 582 3800 quem
597 3723 752 3781 Dardanio
766 3723 909 3782 Anclusae

174 3820 263 3878 Alma
276 3820 382 3878 Venus
396 3819 521 3897 Phrygii
538 3818 640 3896 genuit
656 3818 814 3876 Simoentis
830 3817 866 3875 ad
882 3817 990 3876 undam
1007 3817 1018 3874 i

172 3915 274 3992 Atque
289 3915 427 3991 equidem
442 3914 596 3972 Teucrum
610 3913 729 3969 memini
746 3913 857 3969 Sidona
872 3912 986 3983 venire,

172 4008 300 4068 Finibus
314 4009 470 4084 expulsum
485 4008 597 4083 patriis,
615 4025 692 4063 nova
707 4026 802 4083 regna
817 4014 967 4082 petentem
1109 4006 1169 4064 600

172 4103 293 4162 Auxilio
307 4102 384 4161 Beli.
426 4102 554 4160 Genitor
568 4110 630 4158 turn
644 4100 736 4156 Belus
751 4100 877 4176 opimam

172 4195 322 4254 Vastabat
338 4196 484 4273 Cyprum,
502 4203 530 4252 et
547 4195 641 4252 vietor
656 4193 766 4250 ditione
781 4195 911 4252 tenebat.

172 4290 324 4369 Tempore
341 4291 404 4367 jam
418 4310 456 4347 ex
471 4290 521 4346 illo
535 4309 625 4346 casus
639 4288 708 4345 mibi
724 4287 862 4364 cognitus
877 4287 960 4345 urbis

172 4384 326 4461 Trojanae,
342 4404 509 4460 nomenque
523 4392 618 4454 tuurn,
634 4400 783 4459 regesque
797 4380 931 4457 Pelasgi.
946 4404 954 4477 Ι

172 4478 242 4557 lpse
257 4480 350 4537 hostis
364 4480 502 4537 Teucros
518 4478 626 4554 insigni
641 4477 729 4534 laude
744 4477 870 4546 serebat,
1107 4472 1175 4564 625*

173 4575 274 4652 Sequa
289 4584 386 4632 ortum
399 4572 524 4649 antiqui
536 4572 725 4630 Teucrorum
740 4574 778 4629 ub
793 4572 884 4647 stirpe
900 4568 1029 4630 volebat.
