2692 5122
79 464 82 470 ¹
180 399 240 460 m
468 393 495 440 r.
519 391 685 440 eremum
711 390 884 441 suiectus

180 537 273 613 Aptet
286 553 319 592 se
334 551 441 612 pugne
455 551 462 602 3
486 533 565 590 subit
579 550 648 590 orus
661 531 748 592 heste
766 550 820 610 per
832 533 909 596 imus

181 628 338 706 Fulgentis
352 627 460 705 clypei,
475 635 539 685 tum
552 627 658 684 laevum
672 626 801 704 perteret
814 626 926 704 inguen
941 643 950 695 3

181 721 337 783 Excussus
351 738 441 778 curru
455 719 647 778 moribundus
660 719 788 778 volvitur
801 720 890 778 urvis.
1110 716 1171 781 Μ

183 816 281 884 Quem
296 815 362 892 pius
374 814 494 872 AEnees
508 813 596 872 dictis
611 812 720 872 effatur
733 813 842 872 umeris
857 831 864 869 t

183 909 320 987 Lucage,
338 908 417 966 nulle
431 915 498 965 tuos
512 926 618 966 currus
632 907 703 986 suge
716 908 817 986 segnis
830 923 976 983 equorum

104 1078 106 1082 Α
180 1002 324 1074 Prodidit,
341 1010 392 1060 eut
407 1020 492 1060 venre
506 998 626 1061 vertdre
644 1019 681 1059 er
695 1002 828 1060 hostibus
842 1001 955 1058 umbro
970 1016 978 1056 t

182 1095 251 1174 lpse
266 1095 338 1154 rotis
353 1095 464 1153 selieus
475 1096 552 1173 juge
564 1095 688 1154 deseris.
731 1093 810 1152 Haec
824 1095 865 1152 ite
879 1092 968 1165 setus,

71 1216 75 1229 ·
180 1189 315 1266 Arripuit
331 1188 457 1265 bijuges.
499 1188 608 1246 Frater
621 1188 761 1247 tendebat
776 1188 906 1245 inermes
1106 1187 1169 1246 696

181 1282 289 1341 Infelix
303 1282 427 1361 palmes,
444 1301 535 1340 curru
549 1281 689 1359 delapsus
702 1282 808 1341 eodem
822 1299 830 1338 τ

179 1376 240 1435 Per
252 1386 293 1448 te,
310 1395 362 1454 per
376 1376 427 1451 qui
440 1384 471 1433 te
483 1376 574 1434 telem
588 1373 720 1454 genuere
735 1383 885 1454 parentes,

180 1468 237 1527 Vir
250 1469 393 1545 Trojene,
409 1470 474 1527 sine
488 1470 566 1528 benc
580 1470 719 1541 animem,
735 1479 763 1527 et
778 1470 921 1527 miserere
934 1466 1096 1546 preeuntis.

179 1562 320 1621 Pluribus
334 1564 429 1620 urenti
442 1562 562 1620 AEueee
577 1580 585 1619 τ
607 1562 700 1620 Haud
713 1563 787 1620 telis
800 1560 910 1619 dudum

180 1655 272 1715 Dicte
285 1655 402 1714 debes:
423 1674 551 1727 morere,
567 1664 598 1713 et
611 1656 733 1713 sretrem
751 1674 789 1714 ne
803 1655 908 1713 desere
923 1654 1025 1714 freter.
1106 1652 1167 1714 θω

179 1749 269 1822 Tum,
285 1752 416 1809 latebras
430 1750 547 1821 anime,
564 1760 668 1828 pectus
683 1769 824 1809 mucrone
835 1749 974 1809 recludit.

179 1843 268 1902 Talia
281 1863 334 1922 per
349 1862 470 1921 cempos
484 1844 592 1901 edebat
606 1843 713 1902 funere
726 1842 833 1902 ductor
865 1867 874 1886 ·

179 1936 362 2008 Derdenius,
377 1937 517 1995 torrentis
531 1956 618 2015 equee
632 1937 681 1994 rel
694 1937 821 1994 turbinis
834 1937 891 1996 etri

178 2031 266 2091 More
280 2033 391 2091 furens.
432 2032 568 2090 Tandem
590 2040 746 2109 erumpunt
759 2040 789 2089 et
803 2039 904 2089 cestre
916 2031 1088 2109 relinquunt

179 2123 331 2184 Ascenius
346 2144 419 2202 puer
433 2132 463 2182 et
478 2125 678 2202 nequidquam
692 2125 817 2182 obsessa
825 2124 976 2199 juventus.
1107 2122 1168 2183 606

217 2218 369 2277 Junonem
382 2219 498 2276 interea
512 2218 669 2295 compellet
682 2217 801 2294 Jupiter
814 2217 892 2275 ultro
907 2235 914 2274 :

178 2311 207 2370 Ο
221 2330 366 2389 germane
380 2310 450 2368 mibi
464 2319 554 2386 etque
570 2309 675 2368 eadem
689 2309 859 2388 gratissime
872 2309 991 2386 conjux,

178 2403 219 2462 Ut
233 2406 349 2475 rebare,
364 2402 469 2461 Venus
485 2403 599 2481 (necte
613 2404 762 2461 sententie
775 2402 863 2479 fallit)

177 2497 325 2573 Trojenes
340 2507 486 2557 sustentet
500 2518 573 2576 opes
589 2517 595 2555 :
617 2519 676 2557 nou
691 2500 789 2557 vivide
803 2493 895 2556 bello'

177 2589 294 2651 Dextra
308 2591 388 2662 viris,
405 2592 579 2670 animusque
594 2593 687 2663 ferox,
704 2592 879 2669 patiensque
894 2591 1005 2669 pericli.
1107 2593 1168 2651 610

179 2685 238 2745 Cui
252 2685 331 2743 June
346 2686 515 2744 submisse:
539 2686 630 2758 Quid,
647 2706 664 2743 ο
679 2686 875 2764 pulcherrime
890 2687 1010 2762 conjux,

178 2779 328 2838 Sollicitus
342 2796 452 2857 aegrem
465 2788 495 2838 et
508 2789 561 2838 tue
574 2781 670 2838 tristia
683 2780 763 2838 dicte
776 2780 928 2838 timentem
943 2779 954 2835 l
1099 2850 1103 2857 Ι

178 2874 209 2931 Si
223 2873 303 2944 milri,
322 2893 387 2950 quoe
404 2873 553 2948 quondum
566 2875 674 2945 fueret,
692 2892 840 2950 quemque
855 2892 923 2931 esse
937 2872 1076 2944 decebet,

176 2965 232 3024 Vis
247 2966 276 3023 in
291 2982 391 3024 emere
405 2965 480 3023 foret
496 2985 503 3035 ;
527 2986 586 3024 uon
600 2967 658 3024 hoc
673 2968 742 3024 mibi
763 2984 891 3042 nemque
905 2984 1044 3043 negares,

177 3056 383 3136 Omnipotens,
401 3059 470 3135 quin
485 3067 514 3116 et
529 3077 636 3138 pugnes
651 3059 818 3117 subducere
831 3059 977 3130 Turnum,
1106 3060 1167 3118 616

176 3151 217 3210 Et
231 3152 342 3211 Deuno
358 3171 476 3230 possem
488 3151 666 3210 incolumem
681 3170 800 3210 servare
815 3152 939 3229 parenti.

176 3244 266 3303 Nunc
280 3253 392 3322 pereat,
408 3245 595 3320 Teucrisque
610 3245 658 3322 piu
672 3245 721 3302 det
735 3245 880 3322 sanguine
896 3260 1009 3321 poenes.

176 3335 231 3393 Ille
246 3345 344 3394 temen
358 3335 460 3394 nostrd
473 3336 593 3395 deducit
608 3338 720 3415 origine
734 3356 852 3407 nomen,

175 3429 389 3507 Pilumnusque
405 3431 446 3487 illi
463 3439 583 3506 quartus
598 3440 702 3507 pster;
728 3440 758 3490 et
771 3439 823 3489 tue
842 3430 928 3509 largii

177 3522 262 3600 Stirpi
278 3543 366 3580 manu
381 3523 540 3598 multisque
554 3525 668 3581 ornavit
683 3525 783 3582 limine
797 3525 891 3584 donis.
1019 3600 1023 3607 .
1106 3524 1166 3585 ⁶20

216 3614 276 3675 Cui
292 3635 344 3673 rex
358 3615 472 3674 aetherii
486 3617 614 3675 breviter
634 3618 679 3674 sic
693 3618 771 3676 fatur
784 3618 923 3695 Olympi:

176 3708 209 3766 Si
222 3728 304 3766 more
315 3710 468 3785 proesentis
483 3711 533 3767 leti
546 3719 723 3787 tempusque
738 3711 853 3770 caduco

175 3800 285 3859 Oretur
295 3803 408 3878 juveni,
426 3822 533 3879 meque
547 3804 604 3861 boc
618 3803 660 3860 ite
675 3823 784 3882 ponere
799 3805 892 3862 entis
906 3824 913 3874 ;

175 3893 260 3952 Tolle
276 3895 348 3973 lugd
361 3896 506 3968 Turnum,
522 3905 612 3972 etque
627 3897 804 3956 instantibus
818 3899 899 3975 eripe
914 3899 1003 3959 fetis:

175 3984 333 4048 Hactenus
347 3991 504 4049 indulsisse
519 4000 616 4049 vecut.
659 3991 711 4048 Sin
726 3992 812 4049 eltior
826 3993 890 4050 istis
1106 3992 1164 4052 825

175 4083 236 4139 Sub
252 4084 388 4158 precibus
404 4086 489 4143 venie
502 4085 563 4142 ullu
578 4084 659 4154 lutet,
677 4092 829 4160 totumque
845 4087 956 4146 moveri

175 4174 326 4235 Muturive
341 4188 425 4256 putus
440 4179 550 4236 bellum
564 4195 572 4247 3
596 4196 665 4255 spes
680 4178 780 4254 pescis
793 4179 907 4238 inanes.
