2692 5122
197 442 251 500 116
493 435 520 482 P.
534 434 699 482 vlnernn
718 433 886 481 MARONIS

192 575 404 635 Thessandrus
418 576 636 651 Sthenelusque
652 573 754 646 duces,
771 582 800 632 et
814 572 895 631 dirus
909 572 1044 648 Ulysses‚

192 671 364 731 Demissum
378 671 453 748 lapsi
473 690 525 746 per
539 671 649 740 funem,
665 671 867 744 Acamasque,
883 666 1056 742 Thoasque,

192 764 371 840 Pelidesque
387 764 610 841 Neoptolemus,
628 764 798 840 primusque
817 760 978 831 Machaon,
1014 782 1017 787 ·

192 857 233 915 Et
248 858 413 929 Menelaus,
430 867 458 914 et
473 856 536 934 ipse
551 857 610 914 doli
623 857 784 914 fabricator
797 856 907 932 Epeos.

194 951 341 1010 Invadunt
356 955 459 1009 urbem
474 971 577 1010 somno
591 953 718 1027 vinoque
733 951 878 1028 sepultam
894 967 901 1006 ε

195 1043 360 1103 Caeduntur
375 1045 480 1123 vigiles
496 1064 503 1114 ;
527 1047 678 1123 portisque
692 1044 866 1121 'petentibus
880 1061 981 1100 omnes

194 1137 352 1213 Accipiunt
367 1139 475 1210 socios,
492 1148 581 1214 atque
596 1139 715 1216 agmine
729 1138 850 1195 conscia
867 1138 1006 1213 jungunt.

233 1231 366 1309 Tempus
380 1241 456 1303 erat,
474 1252 532 1308 quo
549 1233 642 1309 prima
657 1232 743 1308 quies
759 1231 932 1288 mortalibus
947 1229 1035 1307 aegris

194 1322 313 1403 Incipit,
329 1335 358 1383 et
374 1326 451 1384 dono
466 1325 564 1384 divrim
579 1326 747 1405 gratissima
762 1326 863 1402 serpit.

194 1416 229 1475 ln
247 1420 368 1490 somnis,
384 1438 468 1491 ecce,
486 1430 554 1477 ente
570 1421 672 1477 oculos
692 1421 896 1478 moestissimus
911 1417 1028 1476 Hector

192 1510 285 1570 Visus
300 1513 405 1570 adesse
426 1514 506 1583 mihi,
523 1514 684 1590 largosque
699 1513 851 1570 effundere
871 1511 978 1580 fletus;

192 1604 341 1681 Raptatus
356 1606 443 1683 bigis,
459 1615 491 1664 ut
506 1607 664 1682 quondam,
681 1617 804 1682 sterque
820 1613 944 1662 cruento

192 1697 331 1767 Pulvere,
348 1719 461 1777 perque
476 1699 566 1776 pedes
585 1701 727 1775 trajectus
746 1699 808 1755 lora
822 1707 978 1755 tumentes.

193 1789 256 1850 Hei
275 1790 355 1863 milri,
373 1794 467 1870 qualis
482 1774 546 1850 erat
560 1796 574 1850 !'
590 1774 731 1869 quairtirm
746 1800 874 1848 mutatus
889 1791 991 1847 abillo

192 1882 340 1956 Hectore,
356 1886 405 1962 qui
420 1884 495 1943 redit
509 1887 633 1944 exuvias
647 1884 765 1943 indutus
780 1884 900 1954 Achilli,

192 1976 251 2036 Vel
266 1979 407 2037 Danaum
420 1979 569 2058 Phrygios
585 1966 737 2055 jaculatds
752 1978 898 2055 puppibus
912 1976 1020 2054 ignes!

195 2072 385 2148 squalentem
404 2074 585 2143 barbam„et
600 2080 757 2130 concretos
770 2071 915 2149 sanguine
930 2068 1038 2140 crines,

193 2163 388 2242 Vulneraque
404 2167 454 2223 ills
467 2186 587 2244 gerens,
605 2186 671 2242 qum
686 2166 798 2223 circum
816 2164 940 2240 plurima
953 2183 1053 2221 muros

192 2258 319 2335 Accepit
334 2260 454 2335 patrios.
496 2260 581 2316 Ultro
596 2259 670 2316 flens
685 2260 747 2335 ipse
762 2258 885 2315 videbar

194 2349 383 2428 Compellare
399 2352 504 2421 virum,
521 2360 550 2409 et
564 2361 686 2408 moestss
700 2369 872 2426 expromere
889 2368 998 2408 voces:

175 2440 221 2499 ··0
234 2441 285 2498 lux
299 2442 461 2499 Dardaniae
478 2446 484 2499 !
507 2463 575 2519 spes
589 2463 607 2500 o
622 2443 764 2499 fidissima
778 2443 929 2501 Teucrdm
945 2446 952 2500 l

174 2534 271 2601 *Qum
286 2543 376 2591 tantae
389 2532 514 2593 tenuere
529 2554 620 2593 morae
639 2536 649 2591 ?
672 2532 778 2611 quibus
792 2536 911 2593 Hector
925 2538 963 2593 ab
978 2536 1037 2595 oris
1095 2591 1107 2609 ,

192 2627 374 2703 Exspectate
389 2629 472 2685 venis
490 2628 500 2683 i
524 2636 555 2684 ut
570 2636 600 2684 te
616 2640 680 2705 post
695 2630 785 2686 multa
799 2637 917 2687 tuorum

192 2719 325 2790 Funera,
342 2729 406 2796 post
422 2721 520 2778 varios
535 2722 744 2798 hominumque
759 2723 900 2798 urbisque
915 2724 1044 2794 labores,

191 2812 312 2871 Defessi
331 2813 509 2890 adspicimus
525 2818 531 2873 !
555 2835 620 2890 quae
635 2835 729 2873 causa
743 2816 863 2893 indigna
878 2834 1002 2875 serenos

192 2905 329 2964 Foedavit
344 2906 442 2964 vultus
460 2907 470 2962 ?
493 2916 543 2965 aut
558 2929 612 2966 cur
626 2911 690 2967 haec
705 2910 829 2966 vulnera
843 2926 934 2967 cerno
949 2892 1034 2965 3:24·-

193 2999 248 3059 llle
260 3000 332 3059 nihil
349 3019 356 3070 ;
380 3020 436 3058 nec
451 3020 497 3059 me
513 3017 695 3078 quaerentem
710 3022 787 3059 vana
802 3013 931 3060 moratur
946 3021 954 3071 ;
979 3056 981 3061 ,
998 3020 1006 3043 ··

193 3094 411 3171 Sed,'··graviter
424 3096 551 3173 gemitus
566 3096 623 3153 imo
637 3096 675 3152 de
689 3105 809 3172 pectore
824 3096 947 3167 ducens,

191 3186 285 3246 Heu!
308 3189 388 3266 luge,
404 3198 473 3246 nate
488 3188 555 3260 ded,
572 3199 660 3265 teque
677 3190 732 3260 his,
749 3191 800 3260 ait,
817 3191 897 3265 eripe
913 3188 1047 3247 flammis.

192 3278 298 3338 Hostis
313 3283 401 3339 babet
417 3302 517 3340 muros
533 3302 541 3350 ;
565 3285 623 3339 ruit
638 3284 697 3340 alto
712 3303 729 3339 a
744 3284 870 3341 culmine
884 3283 987 3359 Troja.

193 3373 244 3430 Sat
259 3375 360 3449 patria·
375 3375 553 3450 Priamoque
568 3375 676 3432 datum.
719 3378 749 3433 Si
766 3375 914 3455 Pergama
928 3374 1034 3436 dextrd.

192 3465 321 3524 Desendi
343 3477 471 3543 possent,
490 3469 579 3525 etiam
594 3467 650 3526 hac
666 3469 788 3527 defensa
803 3472 936 3529 fuissent.

193 3561 286 3617 Sacra
300 3580 429 3635 suosque
443 3561 495 3617 tibi
511 3562 695 3620 commendat
709 3563 801 3638 Troja
815 3564 943 3621 Penates
960 3583 967 3620 :

192 3652 260 3710 Hos
274 3672 348 3731 cape
363 3652 490 3711 fatorum
504 3656 627 3713 comites
643 3674 650 3724 ;
674 3656 720 3712 his
741 3658 849 3715 moenia
865 3677 976 3734 qumre,

192 3735 312 3822 Magna
325 3755 478 3823 pererrato
493 3755 605 3806 statues
621 3769 686 3825 quse
701 3749 829 3827 denique
846 3760 942 3828 ponto.

192 3837 241 3894 Sic
256 3839 296 3895 ait
311 3828 330 3907 ;Ι
342 3845 370 3895 et
385 3841 520 3898 manibus
535 3843 632 3913 vittas,
648 3843 833 3920 Vestamque
849 3852 1007 3922 potentem,

190 3931 411 4007 AEternumque
427 3934 523 4010 adytis
537 3935 622 3993 effert
637 3939 837 4013 penetralibus
851 3939 960 4014 ignem.

229 4024 358 4083 Diverso
373 4027 486 4084 interea
500 4029 662 4087 miscentur
674 4032 784 4088 rnoenia
799 4032 878 4087 luctu
897 4048 904 4098 ;
964 4034 971 4065 '-

190 4117 232 4179 Et
246 4119 341 4197 magis
356 4128 445 4196 etque
459 4120 563 4199 magis,
581 4143 749 4200 quanquam
765 4134 883 4182 secreta
899 4126 1028 4203 parentis

189 4213 330 4274 Anchisa
344 4213 458 4287 domus,
475 4217 689 4295 arboribusque
703 4221 822 4277 obtecta
836 4221 971 4292 recessit,
