2692 5122
81 25 1307 309 —

501 801 675 850 mutuos
694 802 763 850 LIII.
778 803 825 850 11.

176 941 218 1002 Di
230 959 388 1018 moresque
403 940 514 1000 dabunt
529 942 619 1000 vestri
634 960 641 998 :
662 950 723 999 tum
737 951 849 1000 caeters
861 941 965 1001 reddet

175 1035 318 1095 Actutum
332 1035 397 1112 pius
409 1035 539 1105 AEneas,
555 1043 645 1110 atque
660 1036 776 1112 integer
790 1036 844 1093 aevi

176 1129 335 1200 Ascanius,
351 1128 447 1186 meriti
459 1129 534 1186 tanti
548 1148 606 1186 non
623 1129 774 1186 immemor
787 1149 926 1205 unquam.

177 1221 268 1280 Immo
282 1242 340 1299 ego
353 1241 417 1292 sos,
433 1223 482 1280 cui
496 1222 561 1281 sola
574 1223 656 1280 salus
670 1223 804 1301 genitore
819 1224 952 1295 reducto,

176 1314 294 1393 Excipit
309 1315 469 1387 Ascanius,
486 1335 686 1394 permagnos,
702 1316 787 1387 Nise,
803 1317 943 1388 Penates,

176 1407 377 1485 Assaracique
391 1408 510 1480 Larem,
527 1418 557 1467 et
571 1427 655 1469 cante
670 1412 834 1487 penetralia
846 1410 960 1481 Vesta,

176 1498 318 1559 obtestor
331 1520 339 1571 ;
363 1502 573 1579 (quaecumque
589 1504 658 1561 mihi
673 1502 790 1561 fortuna
804 1504 938 1579 fidasque
952 1511 997 1562 est

178 1593 210 1653 In
223 1596 331 1653 vestris
345 1615 422 1672 pono
435 1597 557 1673 gremiis
572 1596 596 1672 z)
617 1604 758 1654 revocate
773 1609 925 1672 parentem
938 1614 946 1666 ;

176 1687 303 1746 Reddite
318 1697 530 1765 conspectum
553 1689 625 1747 nihil
639 1690 689 1746 illo
701 1689 785 1747 triste
800 1697 931 1765 recepto.

176 1779 251 1838 Bina
263 1780 339 1838 dabo
354 1790 478 1858 argento
493 1782 626 1859 perlecta
640 1790 727 1858 atque
743 1800 850 1858 aspera
868 1781 963 1859 signis

176 1872 297 1944 Pocula,
314 1873 433 1932 devicti
446 1875 563 1951 genitor
577 1894 643 1951 quae
657 1875 736 1952 cepit
750 1873 860 1933 Arisbsi
875 1893 883 1944 ;

176 1965 214 2024 Et
227 1967 360 2044 tripodas
374 1969 508 2044 geminos
524 1987 531 2036 ;
555 1968 620 2025 auri
634 1968 692 2025 duo
705 1987 817 2045 magns
830 1968 944 2026 talenta
958 1986 967 2037 ;

177 2058 305 2118 Cratera
318 2061 480 2136 antiquum,
497 2079 586 2136 quem
599 2061 648 2119 dat
663 2059 785 2118 Sidonia
797 2061 886 2119 Dido.

177 2151 207 2209 Si
219 2151 290 2209 vero
305 2172 413 2229 capere
428 2152 544 2211 Italiam
558 2153 743 2229 sceptrisque
758 2154 843 2231 potiri

177 2243 344 2322 contigerit
359 2246 473 2316 victori
489 2255 518 2303 et
531 2246 639 2323 praedm
653 2247 763 2303 ducere
778 2257 887 2305 sortem
901 2265 909 2316 3

176 2336 294 2409 Vidisti,
312 2358 370 2417 quo
383 2338 505 2396 Turnus
518 2358 606 2415 equo,
623 2340 730 2414 quibus
743 2341 804 2398 ibat
818 2342 847 2397 in
862 2340 951 2398 ermis
1065 2398 1069 2407 ,

178 2431 316 2490 Aureus:
340 2433 435 2510 ipsum
449 2433 540 2502 illum,
557 2433 693 2508 clypeum
709 2433 874 2507 cristasque
888 2434 1040 2504 rubentes,

177 2525 331 2602 Excipiam
346 2528 428 2596 sorti,
441 2527 504 2601 jam
518 2545 597 2583 nunc
611 2534 662 2582 tua
677 2526 807 2601 praemia,
823 2526 851 2582 N
855 2526 907 2583 ise.

177 2618 327 2677 Praeterea
340 2621 385 2678 bis
398 2639 451 2677 sex
465 2620 582 2697 genitor
596 2618 756 2675 lectissima
770 2627 896 2682 matrum

179 2709 322 2789 Corpora,
340 2714 533 2788 captivosque
548 2712 638 2781 dabit,
655 2730 769 2787 suaque
784 2713 919 2769 omnibus
932 2729 1036 2771 arma:

177 2802 303 2881 Insuper
315 2806 371 2876 his,
388 2806 483 2881 campi
498 2805 576 2880 quod
590 2824 643 2863 rex
657 2805 745 2862 habet
761 2805 823 2881 ipse
838 2804 973 2864 Latinus.

176 2895 220 2954 'I'e
235 2897 318 2969 vero,
335 2917 400 2955 mea
416 2918 502 2973 quem
516 2899 618 2975 spatiis
633 2898 817 2976 propioribus
832 2906 905 2955 aetas

177 2987 355 3066 Insequitur,
373 2992 539 3048 venerande
555 3010 637 3068 puer,
650 2992 712 3066 jam
726 3001 845 3067 pectore
859 2999 921 3047 toto

176 3082 310 3159 Accipio,
327 3097 355 3140 et
370 3085 505 3141 comitem
519 3103 607 3142 casus
621 3085 801 3160 complector
815 3084 844 3140 ln
858 3101 961 3141 omnes
975 3101 982 3140 ε

177 3175 266 3234 Nulla
280 3177 354 3234 meis
369 3177 431 3234 sine
445 3186 474 3235 te
489 3187 640 3253 quaeretur
653 3179 748 3254 gloria
760 3179 850 3234 rebus
863 3196 870 3244 ;

178 3269 234 3325 Seu
250 3288 364 3345 pacem,
381 3290 433 3327 seu
448 3271 526 3328 bella
540 3289 642 3347 geram
659 3290 667 3337 ;
692 3271 745 3327 tibi
759 3270 886 3327 maxima
898 3288 999 3328 rerum

177 3360 402 3438 Verborumque
418 3364 499 3421 fides.
542 3363 657 3422 Contra
672 3381 759 3437 quem
772 3363 844 3420 talia
860 3363 938 3420 l'stur

176 3454 326 3531 Euryalus
340 3475 346 3513 :
369 3456 420 3513 Me
436 3456 516 3514 nulla
528 3456 592 3512 dies
605 3464 666 3512 tam
681 3456 804 3512 fortibus
818 3456 898 3512 ausis

176 3546 356 3606 Dissimilem
370 3551 503 3626 arguerit
519 3568 526 3617 ;
549 3558 683 3607 tantum:
706 3550 850 3618 Fortuna,
867 3547 1000 3606 secunda

176 3642 235 3699 Aut
250 3642 386 3714 adversa,
404 3643 501 3701 cadat.
544 3642 601 3699 Sed
614 3652 641 3700 te
657 3642 858 3718 superomnia
872 3641 950 3699 dona

176 3732 274 3792 Unum
287 3753 362 3794 oro:
385 3737 531 3813 genetrix,
547 3735 708 3793 Priamide
726 3744 814 3812 gente
830 3734 956 3806 vetusti,

176 3828 231 3889 Est
245 3831 325 3901 mihi,
343 3851 430 3908 quam
444 3832 581 3889 miseram
593 3831 688 3888 tenuit
703 3850 759 3888 non
776 3831 831 3888 Ilia
844 3831 932 3888 tellus
1095 3833 1155 3890 aas

176 3922 296 3982 Mecum
311 3927 514 3996 excedentem,
531 3946 588 3983 non
603 3926 712 3984 moenic
726 3925 807 4002 regis
820 3927 950 3983 Acestae.

176 4016 266 4075 Hanc
280 4039 338 4096 ego
352 4039 429 4077 nunc
445 4021 578 4097 ignaram
591 4021 678 4095 hujus
694 4019 898 4095 quodcumque
914 4019 1017 4096 pericli
1030 4025 1085 4090 cst,

175 4110 270 4188 Inque
285 4113 441 4170 salutatam
456 4115 555 4189 linquo
571 4133 578 4170 :
600 4114 678 4183 Nox,
695 4122 724 4170 et
737 4121 790 4169 tua
803 4112 886 4169 testis

175 4203 318 4276 Dextera,
335 4206 414 4281 quod
426 4225 573 4281 nequeam
587 4207 734 4282 lacrymas
749 4206 880 4282 perferre
895 4206 1034 4282 pareatis.

174 4297 214 4356 At
229 4309 272 4371 tu,
290 4320 353 4370 oro,
370 4301 466 4358 solare
483 4302 608 4376 inopem,
625 4309 651 4357 et
668 4320 809 4358 succurre
825 4300 946 4360 relictae.
1095 4299 1155 4358 290

175 4391 265 4451 Hanc
280 4395 343 4451 siae
358 4413 405 4451 me
420 4414 500 4470 spem
515 4394 592 4451 ferre
607 4394 649 4451 tui
665 4413 672 4462 ;
697 4394 851 4453 audentior
869 4395 919 4452 ibo

175 4484 209 4544 In
224 4508 314 4546 casus
329 4508 439 4547 omnes.
481 4487 632 4547 Percussis
645 4496 741 4545 mente
756 4488 898 4545 dederunt

173 4579 356 4639 Dardanidae
369 4582 517 4658 lacrymas
533 4601 540 4650 ;
564 4590 632 4639 ante
646 4599 748 4638 omnes
762 4581 884 4656 pulcher
899 4578 982 4638 Iulus
996 4599 1004 4648 ;

448 4677 512 4731 92⁸
847 4687 888 4727 aa
