2692 5122
197 388 252 447 196
286 343 289 351 Ι
476 381 504 428 P.
527 380 692 427 vraatnu
717 378 890 427 Mauortis

192 522 293 581 Trans
307 530 427 599 pontum
442 519 536 599 fugat,
553 528 582 577 et
596 520 684 577 terris
698 519 825 577 immittit
843 517 963 596 apricis.

193 618 317 675 Stabant
331 623 451 674 orantes
466 615 551 692 primi
565 615 765 673 transmittere
784 633 916 684 cursum,

192 710 430 786 Tendebautque
446 728 561 780 manus,
578 708 650 785 ripae
665 708 814 766 ulterioris
831 725 943 764 amore.

192 804 304 863 Navita
318 804 370 862 sed
384 804 476 862 tristis
491 823 570 860 nunc
582 802 648 873 bos,
665 821 744 860 nunc
759 802 867 879 accipit
887 800 975 869 illos3
1123 800 1183 861 att

192 901 248 957 Ast
263 899 338 957 alios
350 898 439 977 longe
455 899 607 956 submotos
621 905 705 955 arcet
723 895 826 955 arena.

191 993 322 1064 AEneas,
338 993 463 1051 miratus
477 992 565 1062 enim,
582 1000 739 1067 motusque
753 991 890 1061 tumultu,

190 1088 261 1159 Dic,
280 1088 331 1160 ait,
348 1109 366 1146 o
379 1088 476 1165 virgo,
493 1087 563 1164 quid
578 1086 640 1145 vult
655 1106 820 1145 concursus
835 1085 873 1143 ad
888 1100 1005 1143 amnem
1020 1083 1031 1142 l

191 1180 310 1249 Quidve
326 1190 429 1260 petunt
443 1182 549 1240 animae
564 1181 575 1237 i
597 1182 643 1238 vel
660 1200 718 1256 quo
731 1180 901 1237 discrimine
915 1179 997 1255 ripas

190 1271 251 1333 Hae
265 1275 412 1351 linquunt,
429 1275 487 1334 illae
502 1274 592 1332 remis
606 1275 683 1332 vada
697 1273 788 1331 livida
801 1281 924 1330 verrunt
938 1272 950 1328 i
1121 1272 1183 1330 820

190 1367 251 1426 Olli
264 1368 308 1427 sic
323 1369 454 1426 breviter
468 1369 529 1426 fata
543 1378 588 1426 est
603 1369 741 1446 longaeva
756 1366 898 1425 sacerdos
912 1385 918 1423 :

189 1461 325 1520 Anchisia
339 1469 494 1540 generate,
511 1460 598 1518 desim
612 1461 780 1520 certissima
794 1461 903 1539 proles,

191 1552 300 1631 Cocyti
314 1563 423 1633 stagna
437 1556 498 1612 alta
511 1555 605 1625 vides,
623 1556 817 1633 Stygiamque
832 1553 980 1631 paludem,

189 1646 233 1734 Di
246 1648 332 1725 cujus
349 1648 453 1724 jurare
468 1650 572 1706 timent
588 1657 617 1706 et
632 1648 735 1706 fallere
751 1668 869 1706 numen.

138 1750 140 1757 '
189 1730 268 1800 Haeo
283 1743 388 1814 omnis,
403 1762 491 1818 quam
502 1744 612 1813 cernis,
626 1744 711 1821 inops
722 1744 936 1820 inhumataque
947 1744 1105 1807 turbaest:
1119 1742 1180 1802 896

177 1835 320 1915 ¹Portitor
334 1836 395 1907 ille,
413 1836 556 1896 Charon:
579 1838 619 1909 hi,
637 1858 711 1914 quos
726 1838 806 1895 vebit
820 1837 910 1908 unda,
927 1836 1044 1915 sepulti.

189 1929 255 1988 Neo
270 1930 350 2009 ripas
365 1930 453 1989 datur
466 1932 630 1989 horrendas
645 1941 673 1989 et
688 1951 783 1989 rauca
796 1931 909 1988 fluenta

187 2023 408 2102 Transportare
424 2027 516 2105 priris,
534 2027 624 2103 quam
638 2025 759 2083 sedibus
773 2044 843 2084 ossa
858 2022 1005 2101 quidrunt.

189 2115 320 2176 Centum
333 2127 434 2177 errant
449 2139 552 2191 annos,
569 2121 752 2196 volitantque
766 2120 832 2177 baec
846 2119 946 2177 littora
959 2118 1073 2178 circum
1086 2137 1095 2190 ;

188 2208 266 2269 Tum
280 2212 398 2270 demum
412 2213 533 2270 admissi
547 2222 655 2291 stagna
670 2221 808 2289 exoptata
823 2212 965 2271 revisunt.
1117 2212 1177 2271 880

188 2302 329 2362 Constitit
343 2304 480 2363 Anchisa
493 2315 587 2376 satus,
604 2315 633 2363 et
648 2307 775 2384 vestigia
791 2306 908 2382 pressit,

187 2395 288 2455 Multa
304 2406 420 2475 putans,
437 2408 607 2475 sortemque
623 2401 721 2457 animo
736 2400 894 2458 miseratus
908 2399 1048 2476 iniquam.

187 2488 293 2549 Cernit
308 2492 348 2548 ibi
361 2501 494 2563 maestos,
512 2501 541 2549 et
555 2494 657 2550 mortis
673 2495 784 2551 bonore
800 2501 948 2565 carentes,

185 2581 375 2661 Leucaspim,
393 2594 422 2642 et
436 2585 540 2661 Lyciae
555 2586 709 2645 ductorem
723 2588 829 2645 classis
843 2587 986 2645 Orontem
1000 2606 1008 2656 ;

187 2676 272 2745 Quos
287 2679 383 2751 simul,
400 2699 418 2737 a
432 2678 526 2755 Trojd
541 2690 664 2739 ventosa
678 2702 732 2759 per
746 2673 868 2757 aequora
882 2690 995 2754 vectos,

186 2769 293 2829 Obruit
308 2773 429 2845 Auster,
448 2774 528 2850 aquai
542 2775 695 2834 involvens
710 2796 875 2852 navemque
891 2776 1041 2852 virosque.

224 2866 308 2923 Ecce
323 2868 505 2944 gubernator
519 2888 585 2926 sese
600 2870 760 2928 Palinurus
780 2871 899 2947 agebat,

185 2959 247 3025 Qui
260 2960 377 3036 Libyco
393 2981 487 3039 nuper
501 2983 603 3035 cursu,
621 2964 689 3021 dum
704 2965 804 3022 sidera
818 2972 927 3035 servat,

183 3053 347 3112 Exciderat
362 3057 461 3134 puppi,
479 3057 582 3115 mediis
596 3059 710 3116 effusus
724 3059 753 3115 iu
768 3057 863 3116 undis.

183 3146 276 3207 Hunc
291 3150 342 3207 ubi
355 3151 403 3208 vix
418 3151 511 3210 multd
525 3165 663 3210 moestum
678 3153 816 3230 cognovit
832 3153 861 3210 in
876 3150 992 3224 umbrd,

183 3241 232 3298 Sic
247 3243 327 3318 prior
342 3244 519 3320 alloquitur:
544 3246 621 3312 Quis
635 3255 675 3316 te,
691 3246 844 3317 Palinure,
861 3246 985 3304 deorum

181 3334 300 3411 Eripuit
314 3338 409 3407 nobis,
426 3338 582 3413 medioque
598 3341 653 3396 sub
668 3360 788 3415 aequore
807 3340 935 3398 mersit?

146 3492 149 3497 ¹
180 3426 241 3485 Dic
256 3448 322 3506 age.
365 3431 515 3506 Namque,
532 3432 602 3488 mibi
618 3432 708 3490 fallax
722 3434 800 3491 haud
815 3434 884 3491 antd
899 3442 1048 3511 repertus,

180 3520 251 3579 Hoc
267 3542 325 3580 uno
339 3542 482 3599 responso
497 3525 625 3582 animum
641 3527 748 3585 delusit
763 3529 870 3604 Apollo
884 3547 891 3597 ;

181 3613 241 3680 Qui
257 3615 319 3672 sore
334 3624 364 3672 te
379 3626 468 3692 ponto
483 3617 671 3691 incolumem,
688 3619 824 3696 finesque
839 3623 968 3680 canebat

181 3706 348 3764 Venturum
361 3708 531 3768 Ausonios:
555 3730 592 3769 en
607 3712 672 3770 baec
687 3715 832 3790 promissa
847 3714 921 3772 fides
941 3723 987 3774 est
1002 3715 1014 3772 i

180 3799 234 3857 Ille
250 3810 367 3859 autem:
390 3804 498 3879 Neque
513 3814 542 3861 te
557 3805 663 3864 Pboebi
679 3808 795 3864 cortina
810 3808 924 3880 fefellit,

178 3891 250 3950 Dux
263 3895 457 3968 Anchisiade,
475 3918 531 3956 nec
545 3919 591 3956 me
607 3900 680 3957 deus
696 3922 816 3976 aequore
832 3904 943 3961 mersit.

177 3983 317 4060 Namque
331 3992 548 4066 gubernaclum
563 3993 657 4051 multd
671 3995 699 4052 vi
715 3995 789 4052 sorte
805 3997 968 4069 revulsum,

178 4076 238 4138 cui
253 4080 339 4139 datus
354 4083 503 4143 baerebam
518 4097 630 4158 custos,
647 4107 814 4164 cursusque
835 4092 989 4168 regebam,

176 4172 372 4254 Praecipitare
385 4180 462 4238 traxi
476 4201 603 4240 mecum.
645 4182 746 4240 Maria
760 4203 868 4262 aspera
885 4185 966 4260 juro,
