2692 5122
509 765 685 813 morinos
704 765 774 812 ιιιι.
788 767 820 814 ιι.
1102 773 1163 840 27³

177 900 359 964 cmundrae
373 902 515 979 impulsus
529 902 622 963 furiis.
664 905 693 965 N
696 925 744 963 um
757 906 892 981 linquere
908 910 1008 965 castra

175 995 297 1055 Hortati
311 1014 422 1067 sumus,
439 1005 488 1054 aut
503 997 593 1055 vitem
607 999 789 1056 committere
804 998 900 1055 ventis
916 998 927 1052 ?

175 1087 256 1149 Num
270 1107 363 1166 puero
377 1108 520 1147 summam
534 1091 614 1162 belli,
631 1111 701 1149 num
715 1091 838 1149 credere
852 1111 951 1149 muros
967 1090 978 1147 ἰ
1119 1094 1160 1152 ¹10

175 1166 400 1260 Tyrrhenamve
415 1183 502 1242 fidem
517 1196 567 1243 aut
581 1195 687 1263 gentes
701 1187 816 1264 agitare
832 1186 947 1262 quietas
963 1185 973 1242 ?

177 1275 254 1343 Quis
268 1276 345 1334 deus
360 1277 389 1334 in
404 1277 546 1348 fraudem,
564 1299 630 1354 quoe
645 1279 721 1336 dura
736 1280 865 1355 potentia
878 1279 971 1337 nostri

176 1367 247 1446 Egit
263 1368 274 1425 i
298 1369 358 1427 Ubi
371 1369 421 1429 hic
434 1371 525 1442 June,
541 1371 707 1429 demissave
723 1373 849 1430 nubibus
864 1372 921 1430 Iris
938 1373 949 1429 l

176 1460 334 1540 Indignum
348 1471 404 1535 est,
421 1463 512 1522 Italos
526 1464 648 1540 Trojam
663 1466 848 1523 circumdare
862 1466 987 1525 flammis

176 1552 370 1626 Nascentem,
385 1565 414 1613 et
428 1558 522 1633 patria
536 1559 672 1617 Turnum
687 1560 850 1617 consistere
870 1558 962 1632 terris,

177 1646 236 1708 cui
249 1647 403 1706 Pilumnus
418 1669 501 1722 avus,
517 1652 567 1709 cui
580 1652 648 1709 diva
662 1651 781 1710 Venilia
796 1662 890 1710 mater
906 1671 913 1708 :

176 1739 267 1812 Quid,
284 1742 349 1800 fece
363 1742 512 1818 Trojenos
526 1744 593 1803 atri
608 1746 665 1803 vim
680 1746 756 1802 ferre
770 1744 897 1816 Latinis,

176 1834 258 1923 Arva
271 1835 369 1892 aliena
379 1836 454 1914 jugo
469 1857 613 1914 premere,
630 1849 719 1915 atque
732 1848 868 1897 avertere
884 1838 1000 1916 proedas
1014 1837 1025 1895 i

177 1924 268 1999 Quid,
284 1948 406 1986 soceros
419 1930 532 2008 legere,
550 1940 578 1989 et
593 1933 714 2010 gremiis
728 1933 877 1990 ebducere
892 1939 1019 2010 pactes;

175 2018 286 2079 Pacem
301 2041 387 2079 orare
403 2042 502 2095 manu,
517 2025 672 2102 praefigere
687 2027 833 2103 puppibus
848 2025 954 2083 arma?

175 2111 222 2171 'lb
237 2122 321 2191 potes
335 2115 458 2173 AEneao
473 2117 608 2175 manibus
623 2118 789 2178 subducere
805 2116 941 2190 Graiium,

176 2206 294 2284 Proque
309 2210 373 2267 viro
386 2212 524 2269 nebulam
538 2221 568 2269 et
583 2221 685 2270 ventos
700 2214 860 2271 obtendere
872 2215 999 2283 inanem
1039 2267 1042 2275 ,

176 2301 215 2361 Et
229 2313 313 2381 potes
327 2306 356 2363 in
370 2306 491 2365 totidem
506 2308 633 2365 classem
647 2319 822 2366 convertere
838 2309 1014 2386 Nymphas:

176 2394 205 2454 N
207 2415 240 2454 os
253 2397 363 2475 aliquid
377 2399 507 2457 Rutulos
522 2399 625 2458 contri
636 2401 760 2476 juvisse,
776 2401 936 2459 nefandum
950 2408 995 2459 est
1011 2399 1022 2456 i

176 2487 291 2553 Eneas
306 2492 429 2570 ignarus
443 2495 548 2551 abest:
572 2495 694 2570 ignarus
708 2503 737 2552 et
757 2495 843 2552 absit.

176 2581 230 2641 Est
244 2583 366 2661 Pephus
381 2585 565 2662 Idaliumque
579 2586 642 2657 tibi,
659 2595 726 2644 sunt
741 2587 801 2643 alta
816 2585 970 2662 Cythera:

178 2675 257 2744 Quid
272 2679 426 2755 gravidam
441 2680 527 2736 bellis
542 2681 645 2737 urbem
660 2689 688 2736 et
704 2679 794 2737 corda
809 2698 917 2755 aspera
930 2677 1050 2737 tentes?

176 2767 278 2828 Nosne
293 2772 346 2830 tihi
360 2772 455 2830 fluxas
469 2773 609 2850 Phrygiae
623 2793 672 2830 ros
687 2782 803 2831 vertere
819 2772 908 2830 suodo

177 2862 330 2924 Conamur
348 2866 357 2921 i
379 2867 457 2924 nos?
480 2887 517 2924 eo
533 2868 655 2924 miseros
671 2866 720 2943 qui
734 2867 832 2925 Troas
845 2866 970 2925 Achivis
1040 2930 1044 2935 ,

176 2955 292 3032 objecit
310 2958 320 3013 ?
343 2957 420 3025 Quae
436 2980 528 3018 causa
542 2961 605 3031 suit,
621 2978 804 3037 consurgere
819 2960 848 3018 in
862 2978 945 3017 arma

176 3049 385 3128 Europamque
395 3053 574 3130 Asiamque,
590 3062 619 3110 et
635 3054 748 3111 foedera
766 3054 882 3111 solvere
896 3052 974 3111 furto
990 3052 1001 3109 i

175 3139 225 3202 Me
239 3144 317 3202 duce
331 3145 503 3203 Derdanius
519 3148 655 3223 Spartam
670 3147 849 3224 expugnavit
865 3146 981 3204 adulter
996 3145 1007 3202 i

176 3235 237 3295 Aut
251 3256 310 3315 ego
323 3239 383 3296 tela
397 3239 475 3308 dedi,
492 3240 587 3297 fovive
604 3238 751 3316 Cupidine
767 3240 846 3297 bella
860 3238 870 3293 i

175 3328 252 3388 Tum
267 3332 365 3389 decuit
378 3334 518 3391 metuisse
533 3333 592 3390 tuis
605 3352 612 3389 :
635 3353 713 3391 nunc
728 3352 796 3390 sera
811 3333 941 3408 querelis

175 3422 267 3482 Haud
278 3425 366 3500 justis
381 3426 525 3502 assurgis,
542 3434 571 3482 et
585 3425 668 3482 irrita
676 3425 778 3501 jurgia
786 3425 895 3499 jactas.

214 3516 339 3575 Talibus
353 3519 458 3575 orabat
471 3517 491 3574 J
494 3536 552 3573 uno
568 3535 575 3584 ;
600 3516 759 3591 cunctique
774 3517 938 3573 fremebant

176 3602 330 3669 Coelicolie
347 3629 470 3667 assensu
486 3609 589 3666 vario:
612 3627 669 3665 ceu
683 3608 802 3664 flamina
817 3608 921 3684 prima,

176 3700 276 3768 Quum
291 3701 438 3778 deprensa
453 3702 580 3758 fremunt
594 3701 686 3771 silvis,
703 3709 732 3757 et
747 3719 829 3758 caeca
842 3700 975 3757 volutant

175 3793 341 3865 Murmure,
358 3805 499 3853 venturos
513 3795 610 3853 nautis
624 3795 777 3872 prodentia
792 3804 904 3853 ventos.

174 3886 254 3947 Tum
267 3888 357 3945 Pater
371 3890 564 3966 omnipotens,
581 3908 680 3946 rerum
694 3888 743 3946 cui
757 3908 870 3946 summa
884 3894 1026 3965 potestas,
1105 3890 1159 3946 100
1204 3932 1208 3938 .

176 3978 252 4040 Infit.
294 3982 341 4039 Eo
356 3982 482 4054 dicente,
498 3981 586 4041 deirm
599 3984 703 4042 domus
717 3984 775 4040 alta
789 3983 910 4053 silescit,

172 4073 215 4141 Et
229 4077 404 4134 tremefacta
419 4078 482 4135 solo
496 4078 584 4137 tellus
601 4097 609 4146 ;
632 4078 699 4135 silet
713 4076 825 4133 arduus
839 4076 931 4133 aethcr
947 4095 955 4145 ς

174 4167 254 4226 Turn
268 4170 399 4247 Zephyri
415 4168 540 4248 posuere
558 4191 565 4240 ;
590 4171 693 4248 premit
708 4170 825 4247 placida
839 4189 961 4245 aequora
974 4177 1091 4247 pontus.

213 4262 352 4340 Accipite
367 4283 450 4341 ergo,
467 4264 572 4322 enimis
586 4257 674 4339 atque
689 4264 752 4322 haec
767 4281 834 4320 mea
848 4263 929 4340 figite
944 4262 1033 4323 dicta.

174 4356 426 4433 Quandoquidem
439 4358 590 4415 Ausonios
604 4357 745 4434 conjungi
761 4356 872 4414 soedere
891 4356 1021 4414 Teucris
1103 4358 1158 4416 105

175 4447 266 4506 Haud
282 4451 404 4520 licitum,
418 4469 473 4507 nec
488 4459 587 4506 vestra
601 4449 678 4526 capit
693 4449 841 4506 discordia
855 4450 942 4506 fiuern
958 4468 966 4519 ;

177 4543 253 4610 Quae
269 4546 377 4622 cuique
392 4554 437 4604 est
453 4546 568 4603 fortuna
582 4544 681 4615 hodie,
698 4563 785 4619 quam
800 4544 925 4620 quisque
940 4553 1024 4603 scoot
1037 4562 1131 4622 spem,

856 4651 880 4692 ιι
