2692 5122
538 835 712 884 &Nereos
733 837 801 885 LlB.
818 838 846 885 V.

206 972 265 1032 Dat
281 973 374 1045 Salio,
391 974 468 1032 vittis
482 995 641 1034 onerosum
655 986 744 1054 atque
759 980 908 1056 unguibus
923 977 1033 1038 aureis.

206 1067 268 1127 Hic
284 1068 389 1140 Nisus,
406 1069 437 1126 Si
452 1078 545 1140 tanta,
562 1071 666 1147 inquit,
683 1080 750 1129 sunt
765 1074 887 1149 praemia
901 1073 997 1144 uictis,

193 1164 245 1224 Et
259 1175 288 1223 te
303 1166 454 1242 lapsorum
468 1166 588 1224 miseret
603 1186 610 1236 ;
634 1187 700 1243 quae
715 1188 838 1226 munera
853 1170 881 1227 N
884 1170 927 1226 iso
991 1162 994 1175 '

204 1256 308 1335 Digna
321 1258 407 1315 dabis
422 1259 432 1314 t
454 1259 578 1335 primam
593 1261 688 1318 merui
703 1262 753 1336 qui
767 1263 855 1319 laude
870 1282 1021 1335 coronam,
1136 1264 1195 1323 355

190 1349 245 1409 ·Νἰ
266 1369 324 1420 me,
342 1370 410 1427 quae
425 1352 547 1423 Salium,
565 1354 683 1411 fortuna
696 1355 815 1412 inimica
828 1357 954 1415 tulisset.
1063 1406 1072 1415 .

204 1443 245 1502 Et
260 1444 347 1501 simul
364 1445 411 1503 his
425 1446 512 1503 dictis
527 1447 634 1505 faciem
647 1450 826 1520 ostentabat,
844 1457 873 1506 et
888 1449 946 1507 udo

203 1536 319 1614 Turpia
333 1541 465 1596 membra
480 1540 557 1598 fimo.
600 1541 679 1599 Risit
695 1555 779 1618 pater
794 1543 919 1619 optimus
934 1542 995 1614 olli,

204 1630 243 1689 Et
259 1631 398 1708 clypeum
413 1633 513 1690 efferri
530 1634 629 1709 jussit,
645 1635 842 1712 Didymaonis
856 1644 947 1706 artes,

204 1724 337 1802 Neptuni
353 1744 440 1784 sacro
454 1727 572 1784 Danais
587 1728 622 1784 de
638 1730 869 1805 posterefixum.
957 1792 962 1801 ,
1136 1732 1196 1788 360

205 1817 274 1877 Hoc
292 1820 435 1894 juvenem
449 1821 605 1897 egregium
619 1823 771 1897 praestanti
784 1842 906 1879 munere
921 1822 1020 1881 donat.

160 1908 231 1925 ‘'-
243 1912 328 1983 Pdst,
346 1913 397 1970 ubi
412 1913 540 1970 consecti
554 1934 672 1985 cursus,
689 1924 718 1972 et
733 1915 809 1972 dona
825 1916 940 1992 peregit
957 1935 963 1972 :

204 2005 233 2063 N
236 2025 305 2076 unc,
322 2006 347 2063 si
368 2005 417 2063 cui
431 2006 525 2063 virtus
539 2007 714 2082 animusque
729 2008 758 2065 in
774 2016 895 2085 pectore
911 2027 1053 2085 praeseus,

203 2098 303 2169 Adsit,
321 2107 350 2156 et
366 2099 492 2156 evinctis
507 2099 620 2156 attollat
635 2100 759 2157 brachia
775 2100 888 2178 palmis.

207 2192 255 2250 Sic
271 2192 324 2264 ait,
340 2200 370 2249 et
385 2192 534 2270 geminum
549 2213 656 2270 pugnae
671 2194 806 2270 proponit
821 2193 984 2251 honorem:
1137 2195 1196 2253 365

205 2282 319 2344 Victori
334 2286 464 2363 velatum
479 2306 553 2343 auro
568 2287 707 2362 vittisque
725 2287 887 2361 juvencum
902 2307 909 2355 ;

205 2379 329 2452 Ensem,
347 2390 438 2457 atque
453 2381 600 2457 insignem
614 2381 743 2456 galcam,
760 2382 866 2438 solatia
881 2382 968 2440 victo.

205 2473 271 2532 Nec
286 2494 370 2531 mora
387 2494 395 2543 ;
419 2472 560 2531 continud
576 2474 667 2530 vastis
682 2492 750 2530 cum
767 2474 878 2530 viribus
895 2475 980 2530 effert

206 2566 267 2626 Ora
281 2567 393 2638 Dares,
411 2585 581 2643 magnoque
597 2563 690 2623 virum
707 2586 738 2623 se
755 2585 904 2624 murmure
918 2566 992 2625 tollit
1009 2584 1016 2623 :

206 2660 292 2717 Solus
309 2661 359 2736 qui
373 2660 511 2717 Paridem
526 2659 631 2716 solitus
646 2660 827 2716 contendere
843 2668 969 2727 contra3
1138 2662 1198 2720 370

207 2750 349 2828 Idemque
366 2753 402 2809 ad
416 2753 570 2833 tumutpm,
587 2772 646 2828 quo
661 2753 806 2810 maximus
820 2754 949 2810 occubat
963 2751 1092 2825 Hector,

175 2828 359 2922 ’‘'Victorem
375 2847 472 2903 Buten
487 2846 606 2903 immani
621 2865 756 2923 corpore,
773 2847 822 2922 qui
837 2866 870 2903 se

173 2931 178 2962 ¹
207 2939 359 3017 Bebrycii
373 2941 495 2998 veniens
510 2941 617 3017 Amyci
632 2940 668 2998 de
683 2949 772 3018 gente
793 2941 917 3012 serebat,

177 3020 193 3100 ἰ
207 3032 351 3104 Perculit,
369 3042 398 3091 et
419 3033 500 3091 fulvii
514 3033 719 3091 moribundum
734 3034 864 3092 extendit
879 3033 986 3092 arend.

208 3125 289 3185 Talis
309 3129 405 3204 prima
418 3127 517 3184 Dares
532 3141 621 3204 caput
636 3129 727 3185 altum
743 3128 772 3184 in
787 3129 892 3204 proelia
906 3128 981 3186 tollit
997 3146 1004 3184 ι
1139 3129 1199 3187 375

209 3201 249 3279 οἐ
284 3220 405 3296 nditque
419 3209 558 3277 humeris
573 3221 659 3291 latos,
676 3222 852 3296 alternaque
870 3221 966 3296 jactat

208 3311 338 3370 Brachia
354 3312 543 3388 protendens,
559 3321 588 3370 et
604 3315 742 3370 verberat
757 3314 865 3371 ictibus
881 3333 980 3371 auras.

210 3389 364 3483 Quaritur
379 3405 446 3462 huic
462 3406 538 3462 alius
553 3425 561 3474 ;
585 3426 642 3462 nec
658 3406 814 3481 quisquam
830 3425 866 3462 ex
883 3406 1002 3481 agmine
1016 3413 1099 3464 tanto

210 3499 310 3650 gudet
326 3499 408 3556 adire
422 3500 528 3568 virum,
543 3501 739 3575 manibusque
754 3499 896 3556 inducere
913 3506 1031 3558 caestus.

238 3613 292 3669 rgo
308 3593 428 3664 alacris,
446 3601 630 3667 cunctosque
645 3601 753 3668 putans
768 3591 914 3648 excedere
930 3590 1039 3667 palmia,
1141 3592 1201 3649 380

211 3683 317 3744 AEneae
333 3686 412 3744 stetit
428 3696 496 3743 ante
513 3686 604 3762 pedes
620 3704 708 3770 ;·nec
723 3686 809 3761 plura
822 3693 965 3756 moratus,

211 3776 287 3837 Tum
302 3779 381 3837 laevai
394 3773 515 3837 taurum
527 3775 727 3849 cornu'te'net,
744 3787 833 3854 atque
848 3779 890 3836 ita
904 3779 1003 3837 fatur:

197 3856 287 3930 ''Nate
304 3871 373 3943 ded,
390 3873 515 3930 sinemo
530 3844 666 3944 nudiet'se
682 3873 807 3951 credere
823 3893 941 3950 pugnae,

212 3963 287 4046 Qua}
303 3966 370 4023 finis
385 3967 481 4024 standi
498 3967 508 4021 ?
554 3966 590 4024 ud
606 3987 652 4024 me
668 3967 753 4023 decet
769 3985 864 4041 usque
879 3965 1001 4024 teneri?

211 4052 332 4117 Ducere
348 4059 426 4117 dona
441 4061 513 4135 jube
568 4061 680 4119 Cuncti
694 4060 780 4117 simul
796 4079 847 4116 ore
862 4059 1028 4117 fremebant
1142 4061 1201 4118 305

211 4150 405 4223 Dardanidae,
421 4153 505 4211 reddi
528 4173 564 4211 ue
581 4155 644 4211 viro
659 4154 804 4230 promissa
821 4153 975 4228 jubebant.

212 4244 273 4304 Hic
288 4247 390 4323 gravis
404 4247 505 4304 Entell
529 4267 556 4304 m
570 4247 657 4306 dictis
671 4248 799 4324 castigat
814 4248 953 4317 Acestes,

211 4337 367 4397 Proximus
382 4348 413 4396 ut
429 4338 656 4407 viridaffltoro
672 4341 848 4398 consederat
867 4341 988 4397 herboe:

248 4433 380 4504 Entelle,
397 4434 520 4491 heroum
536 4434 685 4511 quondam
706 4434 862 4491 tentissime
878 4435 999 4504 frustra,

212 4523 347 4585 Tantane
362 4538 423 4585 tarn
437 4528 553 4605 patiens
567 4515 648 4586 nulio
663 4527 825 4585 certamine
840 4528 902 4584 tolli
1141 4526 1201 4583 390

212 4615 301 4679 Dona
320 4620 402 4681 sines
416 4621 427 4678 Β
450 4622 501 4681 ubi
514 4640 595 4680 nuuc
608 4621 694 4680 nobis
708 4621 782 4678 deus
796 4621 856 4691 ille,
872 4620 1016 4698 magister
