<?xml version="1.0" encoding="UTF-8"?>
<!DOCTYPE html PUBLIC "-//W3C//DTD XHTML 1.0 Transitional//EN"
    "http://www.w3.org/TR/xhtml1/DTD/xhtml1-transitional.dtd">
<html xmlns="http://www.w3.org/1999/xhtml" xml:lang="en" lang="en">
 <head>
  <title>
</title>
<meta http-equiv="Content-Type" content="text/html;charset=utf-8" />
  <meta name='ocr-system' content='tesseract 3.04.00' />
  <meta name='ocr-capabilities' content='ocr_page ocr_carea ocr_par ocr_line ocrx_word'/>
</head>
<body>
  <div class='ocr_page' id='page_1' title='image "./pvirgiliimaroni00bowegoog/pvirgiliimaroni00bowegoog_0147.png"; bbox 0 0 2692 5122; ppageno 0'>
   <div class='ocr_carea' id='block_1_1' title="bbox 225 356 916 439">
    <p class='ocr_par' dir='ltr' id='par_1_1' title="bbox 225 356 916 439">
     <span class='ocr_line' id='line_1_1' title="bbox 225 356 916 439; baseline -0.012 -10"><span class='ocrx_word' id='word_1_1' title='bbox 225 356 283 439; x_wconf 56' lang='grc' dir='ltr'><strong>ιμ’</strong></span> <span class='ocrx_word' id='word_1_2' title='bbox 346 366 349 371; x_wconf 85' lang='grc'>’</span> <span class='ocrx_word' id='word_1_3' title='bbox 523 373 549 420; x_wconf 85' lang='lat' dir='ltr'><strong>r.</strong></span> <span class='ocrx_word' id='word_1_4' title='bbox 564 373 726 421; x_wconf 81' lang='lat' dir='ltr'><strong>vrnurnrr</strong></span> <span class='ocrx_word' id='word_1_5' title='bbox 745 371 916 421; x_wconf 77' lang='lat' dir='ltr'><strong>uanonrs</strong></span> 
     </span>
    </p>
   </div>
   <div class='ocr_carea' id='block_1_2' title="bbox 126 512 1219 4133">
    <p class='ocr_par' dir='ltr' id='par_1_2' title="bbox 126 512 1219 4133">
     <span class='ocr_line' id='line_1_2' title="bbox 223 512 924 590; baseline -0.006 -18"><span class='ocrx_word' id='word_1_6' title='bbox 223 513 341 572; x_wconf 91' lang='lat' dir='ltr'><strong>Italiam</strong></span> <span class='ocrx_word' id='word_1_7' title='bbox 355 513 475 584; x_wconf 78' lang='lat' dir='ltr'><strong>dixisse,</strong></span> <span class='ocrx_word' id='word_1_8' title='bbox 491 513 576 571; x_wconf 92' lang='lat' dir='ltr'><strong>ducis</strong></span> <span class='ocrx_word' id='word_1_9' title='bbox 589 512 626 570; x_wconf 90' lang='lat' dir='ltr'><strong>de</strong></span> <span class='ocrx_word' id='word_1_10' title='bbox 641 513 768 583; x_wconf 87' lang='lat' dir='ltr'><strong>nomine,</strong></span> <span class='ocrx_word' id='word_1_11' title='bbox 785 519 924 590; x_wconf 82' lang='lat' dir='ltr'><strong>gentem:</strong></span> 
     </span>
     <span class='ocr_line' id='line_1_3' title="bbox 222 604 1125 684; baseline -0.006 -19"><span class='ocrx_word' id='word_1_12' title='bbox 222 606 283 665; x_wconf 86' lang='lat' dir='ltr'><strong>Hae</strong></span> <span class='ocrx_word' id='word_1_13' title='bbox 298 608 383 665; x_wconf 91' lang='lat' dir='ltr'><strong>nobis</strong></span> <span class='ocrx_word' id='word_1_14' title='bbox 399 607 524 684; x_wconf 84' lang='lat' dir='ltr'><strong>propriae</strong></span> <span class='ocrx_word' id='word_1_15' title='bbox 539 607 646 675; x_wconf 91' lang='lat' dir='ltr'><strong>sedes;</strong></span> <span class='ocrx_word' id='word_1_16' title='bbox 670 606 739 663; x_wconf 91' lang='lat' dir='ltr'><strong>hinc</strong></span> <span class='ocrx_word' id='word_1_17' title='bbox 752 605 915 663; x_wconf 88' lang='lat' dir='ltr'><strong>Dardanus</strong></span> <span class='ocrx_word' id='word_1_18' title='bbox 929 611 1021 672; x_wconf 89' lang='lat' dir='ltr'><strong>ortus,</strong></span> <span class='ocrx_word' id='word_1_19' title='bbox 1114 604 1125 619; x_wconf 89' lang='lat'>&#39;</span> 
     </span>
     <span class='ocr_line' id='line_1_4' title="bbox 223 698 1009 777; baseline -0.005 -20"><span class='ocrx_word' id='word_1_20' title='bbox 223 698 379 776; x_wconf 89' lang='lat' dir='ltr'><strong>Iasiusque</strong></span> <span class='ocrx_word' id='word_1_21' title='bbox 395 709 488 777; x_wconf 85' lang='lat' dir='ltr'><strong>pater,</strong></span> <span class='ocrx_word' id='word_1_22' title='bbox 505 719 600 776; x_wconf 89' lang='lat' dir='ltr'><strong>genus</strong></span> <span class='ocrx_word' id='word_1_23' title='bbox 616 719 633 756; x_wconf 89' lang='lat' dir='ltr'><strong>a</strong></span> <span class='ocrx_word' id='word_1_24' title='bbox 649 718 707 774; x_wconf 90' lang='lat' dir='ltr'><strong>quo</strong></span> <span class='ocrx_word' id='word_1_25' title='bbox 723 698 853 775; x_wconf 83' lang='lat' dir='ltr'><strong>principe</strong></span> <span class='ocrx_word' id='word_1_26' title='bbox 868 709 1009 755; x_wconf 89' lang='lat' dir='ltr'><strong>nostrum.</strong></span> 
     </span>
     <span class='ocr_line' id='line_1_5' title="bbox 224 789 1002 871; baseline -0.006 -20"><span class='ocrx_word' id='word_1_27' title='bbox 224 794 320 870; x_wconf 82' lang='lat' dir='ltr'><strong>Surge</strong></span> <span class='ocrx_word' id='word_1_28' title='bbox 335 813 403 871; x_wconf 88' lang='lat' dir='ltr'><strong>age,</strong></span> <span class='ocrx_word' id='word_1_29' title='bbox 420 801 449 851; x_wconf 88' lang='lat' dir='ltr'><strong>et</strong></span> <span class='ocrx_word' id='word_1_30' title='bbox 464 794 529 851; x_wconf 80' lang='lat' dir='ltr'><strong>haec</strong></span> <span class='ocrx_word' id='word_1_31' title='bbox 543 793 628 851; x_wconf 73' lang='lat' dir='ltr'><strong>laetus</strong></span> <span class='ocrx_word' id='word_1_32' title='bbox 643 794 778 868; x_wconf 76' lang='lat' dir='ltr'><strong>longaevo</strong></span> <span class='ocrx_word' id='word_1_33' title='bbox 793 791 872 848; x_wconf 89' lang='lat' dir='ltr'><strong>dicta</strong></span> <span class='ocrx_word' id='word_1_34' title='bbox 886 789 1002 868; x_wconf 86' lang='lat' dir='ltr'><strong>parenti</strong></span> 
     </span>
     <span class='ocr_line' id='line_1_6' title="bbox 222 881 1210 962; baseline -0.007 -16"><span class='ocrx_word' id='word_1_35' title='bbox 222 886 316 947; x_wconf 90' lang='lat' dir='ltr'><strong>Haud</strong></span> <span class='ocrx_word' id='word_1_36' title='bbox 330 887 492 945; x_wconf 87' lang='lat' dir='ltr'><strong>dubitanda</strong></span> <span class='ocrx_word' id='word_1_37' title='bbox 506 887 585 945; x_wconf 82' lang='lat' dir='ltr'><strong>refer</strong></span> <span class='ocrx_word' id='word_1_38' title='bbox 598 905 604 944; x_wconf 82' lang='lat' dir='ltr'><strong>r</strong></span> <span class='ocrx_word' id='word_1_39' title='bbox 629 886 806 962; x_wconf 81' lang='lat' dir='ltr'>Corythum,</span> <span class='ocrx_word' id='word_1_40' title='bbox 823 893 980 960; x_wconf 85' lang='lat' dir='ltr'><strong>terrasque</strong></span> <span class='ocrx_word' id='word_1_41' title='bbox 994 881 1128 959; x_wconf 88' lang='lat' dir='ltr'><strong>requirat</strong></span> <span class='ocrx_word' id='word_1_42' title='bbox 1154 881 1210 939; x_wconf 73' lang='lat'><strong>170</strong></span> 
     </span>
     <span class='ocr_line' id='line_1_7' title="bbox 222 980 943 1057; baseline -0.007 -18"><span class='ocrx_word' id='word_1_43' title='bbox 222 981 383 1039; x_wconf 81' lang='lat' dir='ltr'><strong>Ausonias.</strong></span> <span class='ocrx_word' id='word_1_44' title='bbox 425 981 545 1039; x_wconf 83' lang='lat' dir='ltr'><strong>Dictaea</strong></span> <span class='ocrx_word' id='word_1_45' title='bbox 557 989 647 1057; x_wconf 88' lang='lat' dir='ltr'><strong>negat</strong></span> <span class='ocrx_word' id='word_1_46' title='bbox 662 980 715 1037; x_wconf 89' lang='lat' dir='ltr'><strong>tibi</strong></span> <span class='ocrx_word' id='word_1_47' title='bbox 727 980 846 1056; x_wconf 83' lang='lat' dir='ltr'><strong>Jupiter</strong></span> <span class='ocrx_word' id='word_1_48' title='bbox 860 997 943 1035; x_wconf 88' lang='lat' dir='ltr'><strong>arva.</strong></span> 
     </span>
     <span class='ocr_line' id='line_1_8' title="bbox 263 1073 919 1141; baseline -0.006 -10"><span class='ocrx_word' id='word_1_49' title='bbox 263 1073 389 1131; x_wconf 81' lang='lat' dir='ltr'><strong>Talibus</strong></span> <span class='ocrx_word' id='word_1_50' title='bbox 404 1076 544 1132; x_wconf 87' lang='lat' dir='ltr'><strong>attonitus</strong></span> <span class='ocrx_word' id='word_1_51' title='bbox 559 1074 628 1131; x_wconf 87' lang='lat' dir='ltr'><strong>visis</strong></span> <span class='ocrx_word' id='word_1_52' title='bbox 643 1093 678 1130; x_wconf 87' lang='lat' dir='ltr'><strong>ac</strong></span> <span class='ocrx_word' id='word_1_53' title='bbox 694 1093 767 1131; x_wconf 86' lang='lat' dir='ltr'><strong>voce</strong></span> <span class='ocrx_word' id='word_1_54' title='bbox 786 1073 919 1141; x_wconf 89' lang='lat' dir='ltr'><strong>deorum,</strong></span> 
     </span>
     <span class='ocr_line' id='line_1_9' title="bbox 224 1162 1090 1251; baseline -0.005 -28"><span class='ocrx_word' id='word_1_55' title='bbox 224 1167 307 1251; x_wconf 71' lang='lat' dir='ltr'><strong>(blec</strong></span> <span class='ocrx_word' id='word_1_56' title='bbox 321 1187 410 1244; x_wconf 90' lang='lat' dir='ltr'><strong>sopor</strong></span> <span class='ocrx_word' id='word_1_57' title='bbox 422 1167 494 1225; x_wconf 93' lang='lat' dir='ltr'><strong>illud</strong></span> <span class='ocrx_word' id='word_1_58' title='bbox 508 1177 572 1225; x_wconf 88' lang='lat' dir='ltr'><strong>erat</strong></span> <span class='ocrx_word' id='word_1_59' title='bbox 586 1186 594 1236; x_wconf 87' lang='lat'>;</span> <span class='ocrx_word' id='word_1_60' title='bbox 618 1167 670 1224; x_wconf 89' lang='lat' dir='ltr'><strong>sed</strong></span> <span class='ocrx_word' id='word_1_61' title='bbox 684 1167 786 1224; x_wconf 73' lang='lat' dir='ltr'><strong>coriam</strong></span> <span class='ocrx_word' id='word_1_62' title='bbox 800 1183 967 1242; x_wconf 87' lang='lat' dir='ltr'><strong>agnoscere</strong></span> <span class='ocrx_word' id='word_1_63' title='bbox 982 1162 1090 1233; x_wconf 83' lang='lat' dir='ltr'><strong>vultus,</strong></span> 
     </span>
     <span class='ocr_line' id='line_1_10' title="bbox 223 1258 999 1337; baseline -0.005 -20"><span class='ocrx_word' id='word_1_64' title='bbox 223 1260 408 1336; x_wconf 65' lang='lat' dir='ltr'><strong>Velitrasque</strong></span> <span class='ocrx_word' id='word_1_65' title='bbox 423 1280 535 1331; x_wconf 89' lang='lat' dir='ltr'><strong>comas,</strong></span> <span class='ocrx_word' id='word_1_66' title='bbox 553 1261 770 1337; x_wconf 78' lang='lat' dir='ltr'><strong>praesentiaque</strong></span> <span class='ocrx_word' id='word_1_67' title='bbox 785 1279 839 1316; x_wconf 91' lang='lat' dir='ltr'><strong>ora</strong></span> <span class='ocrx_word' id='word_1_68' title='bbox 854 1258 999 1327; x_wconf 87' lang='lat' dir='ltr'><strong>videbar;</strong></span> 
     </span>
     <span class='ocr_line' id='line_1_11' title="bbox 222 1347 1211 1431; baseline -0.008 -19"><span class='ocrx_word' id='word_1_69' title='bbox 222 1353 302 1413; x_wconf 89' lang='lat' dir='ltr'><strong>Tum</strong></span> <span class='ocrx_word' id='word_1_70' title='bbox 316 1354 432 1431; x_wconf 88' lang='lat' dir='ltr'><strong>gelidus</strong></span> <span class='ocrx_word' id='word_1_71' title='bbox 446 1362 507 1411; x_wconf 89' lang='lat' dir='ltr'><strong>toto</strong></span> <span class='ocrx_word' id='word_1_72' title='bbox 522 1355 661 1411; x_wconf 86' lang='lat' dir='ltr'><strong>manabat</strong></span> <span class='ocrx_word' id='word_1_73' title='bbox 675 1372 800 1430; x_wconf 89' lang='lat' dir='ltr'><strong>corpore</strong></span> <span class='ocrx_word' id='word_1_74' title='bbox 814 1352 903 1409; x_wconf 92' lang='lat' dir='ltr'><strong>sudor</strong></span> <span class='ocrx_word' id='word_1_75' title='bbox 916 1352 942 1427; x_wconf 76' lang='grc' dir='ltr'><strong>ς)</strong></span> <span class='ocrx_word' id='word_1_76' title='bbox 1155 1347 1211 1405; x_wconf 78' lang='grc' dir='ltr'><strong>1Ἰὸ</strong></span> 
     </span>
     <span class='ocr_line' id='line_1_12' title="bbox 225 1445 942 1524; baseline -0.007 -18"><span class='ocrx_word' id='word_1_77' title='bbox 225 1445 362 1524; x_wconf 85' lang='lat' dir='ltr'><strong>Corripio</strong></span> <span class='ocrx_word' id='word_1_78' title='bbox 377 1468 393 1505; x_wconf 88' lang='lat' dir='ltr'><strong>c</strong></span> <span class='ocrx_word' id='word_1_79' title='bbox 408 1449 509 1505; x_wconf 87' lang='lat' dir='ltr'><strong>stratis</strong></span> <span class='ocrx_word' id='word_1_80' title='bbox 524 1467 642 1523; x_wconf 89' lang='lat' dir='ltr'><strong>corpus,</strong></span> <span class='ocrx_word' id='word_1_81' title='bbox 659 1448 807 1523; x_wconf 89' lang='lat' dir='ltr'><strong>tendoque</strong></span> <span class='ocrx_word' id='word_1_82' title='bbox 821 1446 942 1522; x_wconf 89' lang='lat' dir='ltr'><strong>supinas</strong></span> 
     </span>
     <span class='ocr_line' id='line_1_13' title="bbox 223 1539 950 1610; baseline -0.008 -10"><span class='ocrx_word' id='word_1_83' title='bbox 223 1541 271 1600; x_wconf 84' lang='lat' dir='ltr'><strong>Ad</strong></span> <span class='ocrx_word' id='word_1_84' title='bbox 286 1542 393 1599; x_wconf 89' lang='lat' dir='ltr'><strong>coelum</strong></span> <span class='ocrx_word' id='word_1_85' title='bbox 409 1562 477 1598; x_wconf 89' lang='lat' dir='ltr'><strong>cum</strong></span> <span class='ocrx_word' id='word_1_86' title='bbox 491 1560 564 1598; x_wconf 90' lang='lat' dir='ltr'><strong>voce</strong></span> <span class='ocrx_word' id='word_1_87' title='bbox 579 1560 695 1610; x_wconf 89' lang='lat' dir='ltr'><strong>manus,</strong></span> <span class='ocrx_word' id='word_1_88' title='bbox 712 1550 740 1596; x_wconf 92' lang='lat' dir='ltr'><strong>et</strong></span> <span class='ocrx_word' id='word_1_89' title='bbox 755 1558 878 1596; x_wconf 88' lang='lat' dir='ltr'><strong>munera</strong></span> <span class='ocrx_word' id='word_1_90' title='bbox 891 1539 950 1595; x_wconf 89' lang='lat' dir='ltr'><strong>libo</strong></span> 
     </span>
     <span class='ocr_line' id='line_1_14' title="bbox 224 1632 919 1700; baseline -0.007 -8"><span class='ocrx_word' id='word_1_91' title='bbox 224 1634 405 1693; x_wconf 88' lang='lat' dir='ltr'><strong>Intemerata</strong></span> <span class='ocrx_word' id='word_1_92' title='bbox 419 1635 502 1693; x_wconf 84' lang='lat' dir='ltr'><strong>locis.</strong></span> <span class='ocrx_word' id='word_1_93' title='bbox 544 1634 683 1691; x_wconf 83' lang='lat' dir='ltr'><strong>Perfecto</strong></span> <span class='ocrx_word' id='word_1_94' title='bbox 698 1632 783 1689; x_wconf 81' lang='lat' dir='ltr'><strong>laetus</strong></span> <span class='ocrx_word' id='word_1_95' title='bbox 798 1632 919 1700; x_wconf 89' lang='lat' dir='ltr'><strong>honoro,</strong></span> 
     </span>
     <span class='ocr_line' id='line_1_15' title="bbox 223 1724 984 1800; baseline -0.005 -15"><span class='ocrx_word' id='word_1_96' title='bbox 223 1728 377 1787; x_wconf 86' lang='lat' dir='ltr'><strong>Anchisen</strong></span> <span class='ocrx_word' id='word_1_97' title='bbox 392 1728 468 1784; x_wconf 88' lang='lat' dir='ltr'><strong>saeio</strong></span> <span class='ocrx_word' id='word_1_98' title='bbox 483 1736 607 1796; x_wconf 89' lang='lat' dir='ltr'><strong>certum,</strong></span> <span class='ocrx_word' id='word_1_99' title='bbox 624 1745 746 1800; x_wconf 89' lang='lat' dir='ltr'><strong>remque</strong></span> <span class='ocrx_word' id='word_1_100' title='bbox 761 1724 862 1782; x_wconf 89' lang='lat' dir='ltr'><strong>ordine</strong></span> <span class='ocrx_word' id='word_1_101' title='bbox 878 1724 984 1800; x_wconf 92' lang='lat' dir='ltr'><strong>pando.</strong></span> 
     </span>
     <span class='ocr_line' id='line_1_16' title="bbox 223 1816 1215 1900; baseline -0.004 -22"><span class='ocrx_word' id='word_1_102' title='bbox 223 1821 355 1900; x_wconf 78' lang='lat' dir='ltr'><strong>Agnovit</strong></span> <span class='ocrx_word' id='word_1_103' title='bbox 370 1820 482 1897; x_wconf 91' lang='lat' dir='ltr'><strong>prolem</strong></span> <span class='ocrx_word' id='word_1_104' title='bbox 496 1821 665 1897; x_wconf 87' lang='lat' dir='ltr'><strong>ambiguam</strong></span> <span class='ocrx_word' id='word_1_105' title='bbox 679 1819 873 1896; x_wconf 89' lang='lat' dir='ltr'><strong>geminosque</strong></span> <span class='ocrx_word' id='word_1_106' title='bbox 888 1824 1037 1893; x_wconf 89' lang='lat' dir='ltr'><strong>parentes,</strong></span> <span class='ocrx_word' id='word_1_107' title='bbox 1158 1816 1215 1874; x_wconf 84' lang='grc'><strong>180</strong></span> 
     </span>
     <span class='ocr_line' id='line_1_17' title="bbox 126 1912 1004 1990; baseline -0.006 -17"><span class='ocrx_word' id='word_1_108' title='bbox 126 1928 133 1935; x_wconf 90' lang='grc'><strong><em>·</em></strong></span> <span class='ocrx_word' id='word_1_109' title='bbox 225 1916 325 1990; x_wconf 83' lang='lat' dir='ltr'><strong>Seque</strong></span> <span class='ocrx_word' id='word_1_110' title='bbox 339 1934 415 1971; x_wconf 86' lang='lat' dir='ltr'><strong>novo</strong></span> <span class='ocrx_word' id='word_1_111' title='bbox 430 1922 561 1971; x_wconf 84' lang='lat' dir='ltr'><strong>veterum</strong></span> <span class='ocrx_word' id='word_1_112' title='bbox 577 1914 732 1989; x_wconf 89' lang='lat' dir='ltr'><strong>deceptum</strong></span> <span class='ocrx_word' id='word_1_113' title='bbox 747 1931 848 1968; x_wconf 86' lang='lat' dir='ltr'><strong>errore</strong></span> <span class='ocrx_word' id='word_1_114' title='bbox 863 1912 1004 1969; x_wconf 89' lang='lat' dir='ltr'><strong>locorum.</strong></span> 
     </span>
     <span class='ocr_line' id='line_1_18' title="bbox 225 2005 952 2076; baseline -0.007 -11"><span class='ocrx_word' id='word_1_115' title='bbox 225 2006 304 2065; x_wconf 89' lang='lat' dir='ltr'><strong>Tum</strong></span> <span class='ocrx_word' id='word_1_116' title='bbox 319 2013 482 2064; x_wconf 87' lang='lat' dir='ltr'><strong>memorat:</strong></span> <span class='ocrx_word' id='word_1_117' title='bbox 505 2007 533 2064; x_wconf 93' lang='lat' dir='ltr'>N</span> <span class='ocrx_word' id='word_1_118' title='bbox 537 2015 595 2076; x_wconf 89' lang='lat' dir='ltr'><strong>ate,</strong></span> <span class='ocrx_word' id='word_1_119' title='bbox 614 2006 714 2063; x_wconf 84' lang='lat' dir='ltr'><strong>Iliacis</strong></span> <span class='ocrx_word' id='word_1_120' title='bbox 728 2005 859 2061; x_wconf 80' lang='lat' dir='ltr'><strong>exercite</strong></span> <span class='ocrx_word' id='word_1_121' title='bbox 874 2005 952 2075; x_wconf 86' lang='lat' dir='ltr'><strong>satis,</strong></span> 
     </span>
     <span class='ocr_line' id='line_1_19' title="bbox 226 2098 914 2159; baseline -0.006 0"><span class='ocrx_word' id='word_1_122' title='bbox 226 2101 297 2159; x_wconf 89' lang='lat' dir='ltr'><strong>Sola</strong></span> <span class='ocrx_word' id='word_1_123' title='bbox 311 2101 381 2158; x_wconf 92' lang='lat' dir='ltr'><strong>mihi</strong></span> <span class='ocrx_word' id='word_1_124' title='bbox 395 2101 470 2158; x_wconf 89' lang='lat' dir='ltr'><strong>tales</strong></span> <span class='ocrx_word' id='word_1_125' title='bbox 484 2119 573 2157; x_wconf 88' lang='lat' dir='ltr'><strong>casus</strong></span> <span class='ocrx_word' id='word_1_126' title='bbox 588 2098 762 2158; x_wconf 86' lang='lat' dir='ltr'><strong>Cassandra</strong></span> <span class='ocrx_word' id='word_1_127' title='bbox 777 2100 914 2155; x_wconf 85' lang='lat' dir='ltr'><strong>canebat.</strong></span> 
     </span>
     <span class='ocr_line' id='line_1_20' title="bbox 226 2190 1095 2271; baseline -0.006 -19"><span class='ocrx_word' id='word_1_128' title='bbox 226 2194 255 2252; x_wconf 87' lang='lat' dir='ltr'>N</span> <span class='ocrx_word' id='word_1_129' title='bbox 259 2214 315 2252; x_wconf 90' lang='lat' dir='ltr'><strong>unc</strong></span> <span class='ocrx_word' id='word_1_130' title='bbox 329 2202 433 2271; x_wconf 87' lang='lat' dir='ltr'><strong>repeto</strong></span> <span class='ocrx_word' id='word_1_131' title='bbox 447 2194 512 2252; x_wconf 84' lang='lat' dir='ltr'><strong>haec</strong></span> <span class='ocrx_word' id='word_1_132' title='bbox 527 2193 631 2270; x_wconf 82' lang='lat' dir='ltr'><strong>generi</strong></span> <span class='ocrx_word' id='word_1_133' title='bbox 646 2190 821 2269; x_wconf 85' lang='lat' dir='ltr'><strong>portendere</strong></span> <span class='ocrx_word' id='word_1_134' title='bbox 836 2191 935 2248; x_wconf 89' lang='lat' dir='ltr'><strong>debita</strong></span> <span class='ocrx_word' id='word_1_135' title='bbox 949 2197 1059 2262; x_wconf 89' lang='lat' dir='ltr'><strong>nostro,</strong></span> <span class='ocrx_word' id='word_1_136' title='bbox 1089 2228 1095 2241; x_wconf 75' lang='lat'><em>·</em></span> 
     </span>
     <span class='ocr_line' id='line_1_21' title="bbox 225 2283 1214 2364; baseline -0.002 -19"><span class='ocrx_word' id='word_1_137' title='bbox 225 2286 266 2345; x_wconf 84' lang='lat' dir='ltr'><strong>Et</strong></span> <span class='ocrx_word' id='word_1_138' title='bbox 280 2288 360 2364; x_wconf 73' lang='lat' dir='ltr'><strong>saepe</strong></span> <span class='ocrx_word' id='word_1_139' title='bbox 375 2287 566 2364; x_wconf 90' lang='lat' dir='ltr'><strong>Hesperiam,</strong></span> <span class='ocrx_word' id='word_1_140' title='bbox 583 2286 662 2362; x_wconf 76' lang='lat' dir='ltr'><strong>saepd</strong></span> <span class='ocrx_word' id='word_1_141' title='bbox 679 2285 754 2343; x_wconf 88' lang='lat' dir='ltr'><strong>Itala</strong></span> <span class='ocrx_word' id='word_1_142' title='bbox 767 2305 872 2363; x_wconf 85' lang='lat' dir='ltr'><strong>regna,</strong></span> <span class='ocrx_word' id='word_1_143' title='bbox 889 2303 1007 2342; x_wconf 86' lang='lat' dir='ltr'><strong>vocare.</strong></span> <span class='ocrx_word' id='word_1_144' title='bbox 1157 2283 1214 2343; x_wconf 73' lang='lat'><strong>1⁸5</strong></span> 
     </span>
     <span class='ocr_line' id='line_1_22' title="bbox 226 2379 1016 2456; baseline -0.003 -19"><span class='ocrx_word' id='word_1_145' title='bbox 226 2380 286 2438; x_wconf 85' lang='lat' dir='ltr'><strong>Sed</strong></span> <span class='ocrx_word' id='word_1_146' title='bbox 301 2382 367 2455; x_wconf 92' lang='lat' dir='ltr'><strong>quis</strong></span> <span class='ocrx_word' id='word_1_147' title='bbox 382 2380 420 2436; x_wconf 90' lang='lat' dir='ltr'><strong>ad</strong></span> <span class='ocrx_word' id='word_1_148' title='bbox 435 2380 594 2456; x_wconf 71' lang='lat' dir='ltr'><strong>Hesperiae</strong></span> <span class='ocrx_word' id='word_1_149' title='bbox 609 2387 749 2436; x_wconf 85' lang='lat' dir='ltr'><strong>venturos</strong></span> <span class='ocrx_word' id='word_1_150' title='bbox 763 2379 863 2435; x_wconf 87' lang='lat' dir='ltr'><strong>littora</strong></span> <span class='ocrx_word' id='word_1_151' title='bbox 878 2379 1016 2435; x_wconf 87' lang='lat' dir='ltr'><strong>Teucros</strong></span> 
     </span>
     <span class='ocr_line' id='line_1_23' title="bbox 177 2434 1110 2548; baseline -0.005 -16"><span class='ocrx_word' id='word_1_152' title='bbox 177 2434 375 2539; x_wconf 60' lang='lat' dir='ltr'><strong>&#39;Crederet</strong></span> <span class='ocrx_word' id='word_1_153' title='bbox 393 2473 403 2528; x_wconf 90' lang='lat'>?</span> <span class='ocrx_word' id='word_1_154' title='bbox 426 2481 475 2530; x_wconf 90' lang='lat' dir='ltr'><strong>aut</strong></span> <span class='ocrx_word' id='word_1_155' title='bbox 490 2492 578 2548; x_wconf 87' lang='lat' dir='ltr'><strong>quem</strong></span> <span class='ocrx_word' id='word_1_156' title='bbox 592 2481 652 2530; x_wconf 91' lang='lat' dir='ltr'><strong>tum</strong></span> <span class='ocrx_word' id='word_1_157' title='bbox 668 2480 751 2528; x_wconf 90' lang='lat' dir='ltr'><strong>vates</strong></span> <span class='ocrx_word' id='word_1_158' title='bbox 766 2470 939 2529; x_wconf 87' lang='lat' dir='ltr'><strong>Cassandra</strong></span> <span class='ocrx_word' id='word_1_159' title='bbox 952 2479 1085 2531; x_wconf 85' lang='lat' dir='ltr'><strong>moveret</strong></span> <span class='ocrx_word' id='word_1_160' title='bbox 1099 2470 1110 2527; x_wconf 89' lang='lat'>?</span> 
     </span>
     <span class='ocr_line' id='line_1_24' title="bbox 228 2564 1002 2640; baseline -0.001 -16"><span class='ocrx_word' id='word_1_161' title='bbox 228 2564 380 2624; x_wconf 88' lang='lat' dir='ltr'><strong>Cedamus</strong></span> <span class='ocrx_word' id='word_1_162' title='bbox 393 2566 519 2636; x_wconf 87' lang='lat' dir='ltr'><strong>Phoebo,</strong></span> <span class='ocrx_word' id='word_1_163' title='bbox 536 2575 565 2623; x_wconf 93' lang='lat' dir='ltr'><strong>et</strong></span> <span class='ocrx_word' id='word_1_164' title='bbox 580 2565 681 2623; x_wconf 89' lang='lat' dir='ltr'><strong>moniti</strong></span> <span class='ocrx_word' id='word_1_165' title='bbox 695 2564 817 2622; x_wconf 85' lang='lat' dir='ltr'><strong>meliora</strong></span> <span class='ocrx_word' id='word_1_166' title='bbox 831 2584 1002 2640; x_wconf 88' lang='lat' dir='ltr'><strong>sequamur.</strong></span> 
     </span>
     <span class='ocr_line' id='line_1_25' title="bbox 228 2659 913 2734; baseline 0.001 -19"><span class='ocrx_word' id='word_1_167' title='bbox 228 2659 277 2716; x_wconf 90' lang='lat' dir='ltr'><strong>Sic</strong></span> <span class='ocrx_word' id='word_1_168' title='bbox 292 2660 353 2716; x_wconf 87' lang='lat' dir='ltr'><strong>ait:</strong></span> <span class='ocrx_word' id='word_1_169' title='bbox 376 2669 405 2716; x_wconf 87' lang='lat' dir='ltr'><strong>et</strong></span> <span class='ocrx_word' id='word_1_170' title='bbox 420 2661 520 2717; x_wconf 90' lang='lat' dir='ltr'><strong>cuncti</strong></span> <span class='ocrx_word' id='word_1_171' title='bbox 535 2659 613 2716; x_wconf 92' lang='lat' dir='ltr'><strong>dicto</strong></span> <span class='ocrx_word' id='word_1_172' title='bbox 628 2677 765 2734; x_wconf 90' lang='lat' dir='ltr'><strong>paremus</strong></span> <span class='ocrx_word' id='word_1_173' title='bbox 780 2667 913 2716; x_wconf 84' lang='lat' dir='ltr'><strong>ovantes.</strong></span> 
     </span>
     <span class='ocr_line' id='line_1_26' title="bbox 226 2750 1215 2828; baseline 0.002 -20"><span class='ocrx_word' id='word_1_174' title='bbox 226 2750 319 2809; x_wconf 87' lang='lat' dir='ltr'><strong>Hanc</strong></span> <span class='ocrx_word' id='word_1_175' title='bbox 335 2772 452 2828; x_wconf 90' lang='lat' dir='ltr'><strong>quoque</strong></span> <span class='ocrx_word' id='word_1_176' title='bbox 467 2752 630 2809; x_wconf 88' lang='lat' dir='ltr'><strong>deserimus</strong></span> <span class='ocrx_word' id='word_1_177' title='bbox 644 2751 756 2821; x_wconf 90' lang='lat' dir='ltr'><strong>sedem,</strong></span> <span class='ocrx_word' id='word_1_178' title='bbox 774 2752 936 2828; x_wconf 84' lang='lat' dir='ltr'><strong>paucisque</strong></span> <span class='ocrx_word' id='word_1_179' title='bbox 952 2752 1063 2810; x_wconf 86' lang='lat' dir='ltr'><strong>relictis</strong></span> <span class='ocrx_word' id='word_1_180' title='bbox 1158 2751 1215 2810; x_wconf 81' lang='lat'><strong>190</strong></span> 
     </span>
     <span class='ocr_line' id='line_1_27' title="bbox 228 2841 1105 2921; baseline 0.001 -19"><span class='ocrx_word' id='word_1_181' title='bbox 228 2841 309 2902; x_wconf 89' lang='lat' dir='ltr'><strong>Vela</strong></span> <span class='ocrx_word' id='word_1_182' title='bbox 323 2845 437 2917; x_wconf 86' lang='lat' dir='ltr'><strong>damus,</strong></span> <span class='ocrx_word' id='word_1_183' title='bbox 455 2855 627 2920; x_wconf 88' lang='lat' dir='ltr'><strong>vastumque</strong></span> <span class='ocrx_word' id='word_1_184' title='bbox 643 2843 719 2901; x_wconf 72' lang='lat' dir='ltr'><strong>cavei</strong></span> <span class='ocrx_word' id='word_1_185' title='bbox 731 2847 816 2902; x_wconf 88' lang='lat' dir='ltr'><strong>trabe</strong></span> <span class='ocrx_word' id='word_1_186' title='bbox 831 2846 977 2902; x_wconf 88' lang='lat' dir='ltr'><strong>currimus</strong></span> <span class='ocrx_word' id='word_1_187' title='bbox 992 2864 1105 2921; x_wconf 85' lang='lat' dir='ltr'><strong>aequor.</strong></span> 
     </span>
     <span class='ocr_line' id='line_1_28' title="bbox 266 2935 1148 3015; baseline 0.001 -20"><span class='ocrx_word' id='word_1_188' title='bbox 266 2938 428 3014; x_wconf 90' lang='lat' dir='ltr'><strong>Postquam</strong></span> <span class='ocrx_word' id='word_1_189' title='bbox 442 2940 532 2996; x_wconf 91' lang='lat' dir='ltr'><strong>altum</strong></span> <span class='ocrx_word' id='word_1_190' title='bbox 546 2935 670 2996; x_wconf 75' lang='lat' dir='ltr'><strong>tenuire</strong></span> <span class='ocrx_word' id='word_1_191' title='bbox 686 2946 776 3009; x_wconf 89' lang='lat' dir='ltr'><strong>rates,</strong></span> <span class='ocrx_word' id='word_1_192' title='bbox 793 2957 849 2995; x_wconf 89' lang='lat' dir='ltr'><strong>nec</strong></span> <span class='ocrx_word' id='word_1_193' title='bbox 865 2939 927 3013; x_wconf 89' lang='lat' dir='ltr'><strong>jam</strong></span> <span class='ocrx_word' id='word_1_194' title='bbox 941 2937 1065 3015; x_wconf 75' lang='lat' dir='ltr'><strong>amplius</strong></span> <span class='ocrx_word' id='word_1_195' title='bbox 1079 2938 1148 2996; x_wconf 72' lang='lat' dir='ltr'><strong>ulla</strong></span> 
     </span>
     <span class='ocr_line' id='line_1_29' title="bbox 227 3030 1111 3109; baseline 0 -19"><span class='ocrx_word' id='word_1_196' title='bbox 227 3030 383 3109; x_wconf 83' lang='lat' dir='ltr'><strong>Apparent</strong></span> <span class='ocrx_word' id='word_1_197' title='bbox 398 3043 496 3102; x_wconf 85' lang='lat' dir='ltr'><strong>terrm,</strong></span> <span class='ocrx_word' id='word_1_198' title='bbox 514 3032 623 3089; x_wconf 85' lang='lat' dir='ltr'><strong>coelum</strong></span> <span class='ocrx_word' id='word_1_199' title='bbox 638 3031 778 3108; x_wconf 89' lang='lat' dir='ltr'><strong>undique,</strong></span> <span class='ocrx_word' id='word_1_200' title='bbox 794 3044 823 3089; x_wconf 90' lang='lat' dir='ltr'><strong>et</strong></span> <span class='ocrx_word' id='word_1_201' title='bbox 839 3033 966 3107; x_wconf 90' lang='lat' dir='ltr'><strong>undique</strong></span> <span class='ocrx_word' id='word_1_202' title='bbox 982 3039 1111 3109; x_wconf 88' lang='lat' dir='ltr'><strong>pontus;</strong></span> 
     </span>
     <span class='ocr_line' id='line_1_30' title="bbox 227 3124 1005 3201; baseline -0.003 -18"><span class='ocrx_word' id='word_1_203' title='bbox 227 3124 307 3183; x_wconf 89' lang='lat' dir='ltr'><strong>Tum</strong></span> <span class='ocrx_word' id='word_1_204' title='bbox 321 3126 390 3182; x_wconf 92' lang='lat' dir='ltr'><strong>mihi</strong></span> <span class='ocrx_word' id='word_1_205' title='bbox 405 3126 552 3183; x_wconf 82' lang='lat' dir='ltr'><strong>eaerulous</strong></span> <span class='ocrx_word' id='word_1_206' title='bbox 567 3144 658 3201; x_wconf 89' lang='lat' dir='ltr'><strong>supra</strong></span> <span class='ocrx_word' id='word_1_207' title='bbox 672 3132 761 3201; x_wconf 89' lang='lat' dir='ltr'><strong>caput</strong></span> <span class='ocrx_word' id='word_1_208' title='bbox 776 3124 886 3182; x_wconf 84' lang='lat' dir='ltr'><strong>adstitit</strong></span> <span class='ocrx_word' id='word_1_209' title='bbox 901 3125 1005 3196; x_wconf 88' lang='lat' dir='ltr'><strong>imber,</strong></span> 
     </span>
     <span class='ocr_line' id='line_1_31' title="bbox 228 3218 1216 3294; baseline 0.001 -17"><span class='ocrx_word' id='word_1_210' title='bbox 228 3221 356 3278; x_wconf 86' lang='lat' dir='ltr'><strong>Noctem</strong></span> <span class='ocrx_word' id='word_1_211' title='bbox 372 3220 559 3294; x_wconf 86' lang='lat' dir='ltr'><strong>hiememque</strong></span> <span class='ocrx_word' id='word_1_212' title='bbox 574 3221 687 3288; x_wconf 83' lang='lat' dir='ltr'><strong>serens3</strong></span> <span class='ocrx_word' id='word_1_213' title='bbox 704 3229 733 3278; x_wconf 93' lang='lat' dir='ltr'><strong>et</strong></span> <span class='ocrx_word' id='word_1_214' title='bbox 749 3220 893 3277; x_wconf 89' lang='lat' dir='ltr'><strong>inhorruit</strong></span> <span class='ocrx_word' id='word_1_215' title='bbox 906 3220 985 3278; x_wconf 87' lang='lat' dir='ltr'><strong>unda</strong></span> <span class='ocrx_word' id='word_1_216' title='bbox 999 3219 1139 3278; x_wconf 88' lang='lat' dir='ltr'><strong>tenebris.</strong></span> <span class='ocrx_word' id='word_1_217' title='bbox 1160 3218 1216 3278; x_wconf 79' lang='lat'><strong>195</strong></span> 
     </span>
     <span class='ocr_line' id='line_1_32' title="bbox 229 3311 1038 3392; baseline 0.004 -23"><span class='ocrx_word' id='word_1_218' title='bbox 229 3311 380 3371; x_wconf 84' lang='lat' dir='ltr'><strong>Continub</strong></span> <span class='ocrx_word' id='word_1_219' title='bbox 396 3313 475 3368; x_wconf 87' lang='lat' dir='ltr'><strong>venti</strong></span> <span class='ocrx_word' id='word_1_220' title='bbox 490 3312 609 3368; x_wconf 88' lang='lat' dir='ltr'><strong>volvunt</strong></span> <span class='ocrx_word' id='word_1_221' title='bbox 623 3333 716 3382; x_wconf 88' lang='lat' dir='ltr'><strong>mare,</strong></span> <span class='ocrx_word' id='word_1_222' title='bbox 730 3333 897 3390; x_wconf 86' lang='lat' dir='ltr'><strong>magnaque</strong></span> <span class='ocrx_word' id='word_1_223' title='bbox 912 3321 1038 3392; x_wconf 89' lang='lat' dir='ltr'><strong>surgunt</strong></span> 
     </span>
     <span class='ocr_line' id='line_1_33' title="bbox 230 3406 946 3484; baseline -0.001 -17"><span class='ocrx_word' id='word_1_224' title='bbox 230 3407 369 3481; x_wconf 86' lang='lat' dir='ltr'><strong>AEquora</strong></span> <span class='ocrx_word' id='word_1_225' title='bbox 383 3426 391 3473; x_wconf 92' lang='lat'>;</span> <span class='ocrx_word' id='word_1_226' title='bbox 415 3406 543 3482; x_wconf 88' lang='lat' dir='ltr'><strong>dispersi</strong></span> <span class='ocrx_word' id='word_1_227' title='bbox 556 3407 706 3480; x_wconf 88' lang='lat' dir='ltr'><strong>jactamur</strong></span> <span class='ocrx_word' id='word_1_228' title='bbox 719 3410 837 3484; x_wconf 82' lang='lat' dir='ltr'><strong>gurgite</strong></span> <span class='ocrx_word' id='word_1_229' title='bbox 852 3418 946 3467; x_wconf 87' lang='lat' dir='ltr'><strong>vasto.</strong></span> 
     </span>
     <span class='ocr_line' id='line_1_34' title="bbox 231 3498 966 3570; baseline 0.004 -13"><span class='ocrx_word' id='word_1_230' title='bbox 231 3498 386 3557; x_wconf 77' lang='lat' dir='ltr'><strong>lnvolvire</strong></span> <span class='ocrx_word' id='word_1_231' title='bbox 401 3499 478 3556; x_wconf 89' lang='lat' dir='ltr'><strong>diem</strong></span> <span class='ocrx_word' id='word_1_232' title='bbox 492 3499 592 3570; x_wconf 88' lang='lat' dir='ltr'><strong>nimbi,</strong></span> <span class='ocrx_word' id='word_1_233' title='bbox 608 3508 637 3556; x_wconf 92' lang='lat' dir='ltr'><strong>et</strong></span> <span class='ocrx_word' id='word_1_234' title='bbox 653 3518 709 3556; x_wconf 84' lang='lat' dir='ltr'><strong>nox</strong></span> <span class='ocrx_word' id='word_1_235' title='bbox 724 3500 843 3558; x_wconf 86' lang='lat' dir='ltr'><strong>humida</strong></span> <span class='ocrx_word' id='word_1_236' title='bbox 857 3503 966 3560; x_wconf 76' lang='lat' dir='ltr'><strong>coelum</strong></span> 
     </span>
     <span class='ocr_line' id='line_1_35' title="bbox 230 3592 983 3673; baseline 0.003 -22"><span class='ocrx_word' id='word_1_237' title='bbox 230 3593 358 3651; x_wconf 84' lang='lat' dir='ltr'><strong>Abstulit</strong></span> <span class='ocrx_word' id='word_1_238' title='bbox 374 3612 380 3659; x_wconf 91' lang='lat'><strong>;</strong></span> <span class='ocrx_word' id='word_1_239' title='bbox 406 3592 586 3669; x_wconf 82' lang='lat' dir='ltr'><strong>ingeminant</strong></span> <span class='ocrx_word' id='word_1_240' title='bbox 601 3593 734 3669; x_wconf 87' lang='lat' dir='ltr'><strong>abruptis</strong></span> <span class='ocrx_word' id='word_1_241' title='bbox 748 3595 875 3652; x_wconf 88' lang='lat' dir='ltr'><strong>nubibus</strong></span> <span class='ocrx_word' id='word_1_242' title='bbox 889 3596 983 3673; x_wconf 86' lang='lat' dir='ltr'><strong>ignes.</strong></span> 
     </span>
     <span class='ocr_line' id='line_1_36' title="bbox 230 3685 1219 3754; baseline 0.004 -11"><span class='ocrx_word' id='word_1_243' title='bbox 230 3685 406 3743; x_wconf 86' lang='lat' dir='ltr'><strong>Excutimur</strong></span> <span class='ocrx_word' id='word_1_244' title='bbox 420 3704 521 3754; x_wconf 90' lang='lat' dir='ltr'><strong>cursu,</strong></span> <span class='ocrx_word' id='word_1_245' title='bbox 538 3696 567 3742; x_wconf 90' lang='lat' dir='ltr'><strong>et</strong></span> <span class='ocrx_word' id='word_1_246' title='bbox 581 3686 671 3743; x_wconf 84' lang='lat' dir='ltr'><strong>caecis</strong></span> <span class='ocrx_word' id='word_1_247' title='bbox 686 3705 819 3743; x_wconf 87' lang='lat' dir='ltr'><strong>erramus</strong></span> <span class='ocrx_word' id='word_1_248' title='bbox 834 3688 863 3745; x_wconf 91' lang='lat' dir='ltr'><strong>in</strong></span> <span class='ocrx_word' id='word_1_249' title='bbox 879 3688 972 3746; x_wconf 91' lang='lat' dir='ltr'><strong>undis.</strong></span> <span class='ocrx_word' id='word_1_250' title='bbox 1156 3687 1219 3747; x_wconf 73' lang='lat'><strong>200</strong></span> 
     </span>
     <span class='ocr_line' id='line_1_37' title="bbox 231 3776 977 3856; baseline 0.007 -22"><span class='ocrx_word' id='word_1_251' title='bbox 231 3776 300 3855; x_wconf 89' lang='lat' dir='ltr'><strong>lpse</strong></span> <span class='ocrx_word' id='word_1_252' title='bbox 314 3778 392 3835; x_wconf 80' lang='lat' dir='ltr'><strong>diem</strong></span> <span class='ocrx_word' id='word_1_253' title='bbox 407 3785 584 3853; x_wconf 89' lang='lat' dir='ltr'><strong>noctemque</strong></span> <span class='ocrx_word' id='word_1_254' title='bbox 599 3788 689 3856; x_wconf 86' lang='lat' dir='ltr'><strong>negat</strong></span> <span class='ocrx_word' id='word_1_255' title='bbox 703 3779 874 3837; x_wconf 89' lang='lat' dir='ltr'><strong>discernere</strong></span> <span class='ocrx_word' id='word_1_256' title='bbox 888 3781 977 3853; x_wconf 86' lang='lat' dir='ltr'><strong>coelo,</strong></span> 
     </span>
     <span class='ocr_line' id='line_1_38' title="bbox 231 3869 984 3934; baseline 0.008 -6"><span class='ocrx_word' id='word_1_257' title='bbox 231 3869 260 3928; x_wconf 93' lang='lat' dir='ltr'>N</span> <span class='ocrx_word' id='word_1_258' title='bbox 263 3890 298 3928; x_wconf 89' lang='lat' dir='ltr'><strong>ec</strong></span> <span class='ocrx_word' id='word_1_259' title='bbox 314 3871 481 3927; x_wconf 87' lang='lat' dir='ltr'><strong>meminisse</strong></span> <span class='ocrx_word' id='word_1_260' title='bbox 497 3872 551 3929; x_wconf 84' lang='lat' dir='ltr'><strong>viae</strong></span> <span class='ocrx_word' id='word_1_261' title='bbox 567 3872 665 3929; x_wconf 78' lang='lat' dir='ltr'><strong>medi-i</strong></span> <span class='ocrx_word' id='word_1_262' title='bbox 677 3872 837 3931; x_wconf 88' lang='lat' dir='ltr'><strong>Palinurus</strong></span> <span class='ocrx_word' id='word_1_263' title='bbox 850 3875 881 3931; x_wconf 89' lang='lat' dir='ltr'><strong>in</strong></span> <span class='ocrx_word' id='word_1_264' title='bbox 895 3874 984 3934; x_wconf 67' lang='lat' dir='ltr'><strong>undis.</strong></span> 
     </span>
     <span class='ocr_line' id='line_1_39' title="bbox 230 3961 878 4043; baseline 0.009 -25"><span class='ocrx_word' id='word_1_265' title='bbox 230 3961 308 4019; x_wconf 87' lang='lat' dir='ltr'><strong>Tres</strong></span> <span class='ocrx_word' id='word_1_266' title='bbox 323 3962 398 4020; x_wconf 81' lang='lat' dir='ltr'><strong>adeb</strong></span> <span class='ocrx_word' id='word_1_267' title='bbox 414 3964 544 4020; x_wconf 89' lang='lat' dir='ltr'><strong>incertos</strong></span> <span class='ocrx_word' id='word_1_268' title='bbox 559 3964 643 4022; x_wconf 73' lang='lat' dir='ltr'><strong>careri</strong></span> <span class='ocrx_word' id='word_1_269' title='bbox 657 3967 784 4043; x_wconf 85' lang='lat' dir='ltr'><strong>caligine</strong></span> <span class='ocrx_word' id='word_1_270' title='bbox 800 3967 878 4025; x_wconf 87' lang='lat' dir='ltr'><strong>soles</strong></span> 
     </span>
     <span class='ocr_line' id='line_1_40' title="bbox 231 4055 961 4133; baseline 0.01 -20"><span class='ocrx_word' id='word_1_271' title='bbox 231 4055 377 4114; x_wconf 84' lang='lat' dir='ltr'><strong>Erramus</strong></span> <span class='ocrx_word' id='word_1_272' title='bbox 391 4057 509 4133; x_wconf 87' lang='lat' dir='ltr'><strong>pelago,</strong></span> <span class='ocrx_word' id='word_1_273' title='bbox 525 4058 646 4115; x_wconf 87' lang='lat' dir='ltr'><strong>totidem</strong></span> <span class='ocrx_word' id='word_1_274' title='bbox 660 4060 723 4117; x_wconf 84' lang='lat' dir='ltr'><strong>sine</strong></span> <span class='ocrx_word' id='word_1_275' title='bbox 738 4061 835 4118; x_wconf 91' lang='lat' dir='ltr'><strong>sidere</strong></span> <span class='ocrx_word' id='word_1_276' title='bbox 849 4070 961 4120; x_wconf 90' lang='lat' dir='ltr'><strong>noctes.</strong></span> 
     </span>
    </p>
   </div>
   <div class='ocr_carea' id='block_1_3' title="bbox 233 4152 1221 4228">
    <p class='ocr_par' dir='ltr' id='par_1_3' title="bbox 233 4152 1221 4228">
     <span class='ocr_line' id='line_1_41' title="bbox 233 4152 1221 4228; baseline 0.005 -17"><span class='ocrx_word' id='word_1_277' title='bbox 233 4152 350 4221; x_wconf 76' lang='lat' dir='ltr'><strong>Quarto</strong></span> <span class='ocrx_word' id='word_1_278' title='bbox 364 4160 445 4210; x_wconf 89' lang='lat' dir='ltr'><strong>terra</strong></span> <span class='ocrx_word' id='word_1_279' title='bbox 459 4153 506 4211; x_wconf 89' lang='lat' dir='ltr'><strong>dic</strong></span> <span class='ocrx_word' id='word_1_280' title='bbox 520 4154 644 4228; x_wconf 79' lang='lat' dir='ltr'><strong>primum</strong></span> <span class='ocrx_word' id='word_1_281' title='bbox 658 4175 691 4214; x_wconf 91' lang='lat' dir='ltr'><strong>se</strong></span> <span class='ocrx_word' id='word_1_282' title='bbox 706 4157 841 4215; x_wconf 83' lang='lat' dir='ltr'><strong>attollere</strong></span> <span class='ocrx_word' id='word_1_283' title='bbox 855 4157 974 4216; x_wconf 87' lang='lat' dir='ltr'><strong>tandem</strong></span> <span class='ocrx_word' id='word_1_284' title='bbox 1159 4156 1221 4216; x_wconf 72' lang='lat'><strong>205</strong></span> 
     </span>
    </p>
   </div>
   <div class='ocr_carea' id='block_1_4' title="bbox 0 0 1363 5122">
    <p class='ocr_par' dir='ltr' id='par_1_4' title="bbox 0 0 1363 5122">
     <span class='ocr_line' id='line_1_42' title="bbox 0 0 1363 5122; baseline 0 0"><span class='ocrx_word' id='word_1_285' title='bbox 0 0 1363 5122; x_wconf 95' lang='lat' dir='ltr'><strong> </strong></span> 
     </span>
    </p>
   </div>
  </div>
 </body>
</html>
