2692 5122
495 383 521 430 P.
546 383 711 430 vlaclun
737 380 909 429 MARONIS

540 768 872 844 AENEIDOS

600 994 753 1055 LIBER
765 993 804 1052 V.

251 1353 389 1412 lurensi
405 1352 532 1412 medium
545 1354 667 1413 AEneas
682 1354 746 1429 jam
759 1354 857 1412 classe
870 1355 990 1412 tenebat

212 1447 323 1508 Certus
337 1448 404 1519 iter,
420 1446 587 1524 fluctusque
603 1456 684 1505 atros
699 1448 848 1523 Aquilone
862 1448 993 1518 secabat,

209 1539 325 1598 Moenia
338 1541 512 1618 respiciens,
529 1560 597 1617 quae
613 1541 675 1616 jam
691 1540 816 1598 infelicis
829 1540 937 1598 Elissa

212 1632 370 1693 collucent
385 1634 520 1693 flammis.
564 1632 642 1700 Quae
655 1642 768 1691 tantum
783 1632 952 1690 accenderit
968 1630 1068 1708 ignem

211 1725 317 1786 Causa
331 1726 402 1784 latet
416 1747 424 1796 ;
448 1727 514 1784 duri
527 1746 636 1805 magno
650 1725 703 1784 sed
717 1745 816 1784 amore
830 1725 947 1782 dolores
1171 1721 1193 1780 d

210 1818 339 1891 Polluto,
356 1829 516 1896 notumque
531 1821 633 1878 furens
647 1818 717 1895 quid
731 1819 851 1877 foemina
865 1817 966 1895 possit,

210 1912 310 1972 Triste
327 1933 378 1991 per
392 1915 549 1992 augurium
563 1914 748 1972 Teucrorum
764 1924 882 1990 pectora
897 1913 1017 1970 ducunt.

250 2006 290 2064 Ut
304 2007 430 2085 pelagus
443 2005 566 2066 tenuere
580 2016 671 2079 rates,
684 2026 740 2065 nec
757 2007 819 2082 jam
833 2005 958 2083 ampliiis
972 2005 1032 2063 ulla

210 2098 350 2158 Occurrit
364 2100 462 2170 tellus,
478 2100 572 2157 maria
587 2101 716 2177 undique
731 2108 760 2157 et
775 2099 905 2175 undiquc
919 2099 1027 2158 coelum
1041 2117 1049 2168 ;

211 2192 271 2252 Olli
285 2192 433 2250 caerulens
448 2212 539 2270 supra
553 2202 643 2272 caput
657 2194 768 2251 adstitit
782 2194 886 2262 imber,
1158 2191 1193 2249 10

211 2285 340 2344 Noctem
354 2287 539 2363 hiememque
554 2287 675 2356 ferens3
699 2296 729 2344 et
743 2285 888 2344 inhorruit
903 2282 982 2342 unda
994 2282 1136 2342 tenebris.

212 2379 281 2456 lpse
296 2382 477 2458 gubernator
491 2383 580 2459 puppi
593 2381 752 2440 Palinurus
765 2382 803 2437 ab
818 2378 898 2438 altri:

211 2471 283 2530 Heu
298 2476 304 2529 !
328 2473 466 2548 quianam
480 2475 555 2532 tanti
569 2475 724 2532 cinxerunt
738 2473 851 2531 aetbera
864 2471 978 2530 nimbi?

212 2566 342 2637 Quidve,
358 2576 443 2644 pater
457 2569 607 2645 Neptune,
625 2587 713 2646 paras
729 2568 740 2623 ?
782 2568 831 2625 Sic
846 2565 951 2624 deinde
966 2566 1093 2637 locutus,

213 2659 366 2738 Colligere
382 2680 464 2718 arma
481 2661 577 2737 jubet,
594 2662 758 2737 validisque
778 2660 949 2718 incumbere
963 2659 1074 2728 remis3
1159 2656 1196 2715 115

212 2754 413 2831 obliquatque
428 2754 510 2812 sinus
524 2755 554 2813 in
568 2762 697 2824 ventum,
714 2773 750 2810 ao
765 2753 837 2810 talia
851 2753 950 2811 fatur:

212 2845 403 2924 Magnanimo
419 2846 528 2918 AEnea,
545 2868 614 2919 non,
631 2848 656 2904 si
670 2847 740 2904 mibi
754 2847 872 2923 Jupiter
885 2853 991 2904 auctor

213 2942 372 3017 Spondeat‚
389 2942 446 2999 hoc
461 2962 577 3019 sperem
593 2942 709 2999 Italiam
723 2942 896 3019 contingere
911 2941 998 2999 coelo.

211 3032 320 3091 Mutati
335 3046 505 3092 transversa
521 3036 657 3106 fremunt,
675 3043 704 3092 et
720 3053 843 3112 vespere
858 3036 895 3092 ab
910 3046 975 3092 atro

212 3125 407 3206 Consurgunt
423 3129 512 3200 venti,
530 3138 617 3205 atque
633 3129 663 3186 in
676 3131 785 3185 nubem
798 3129 914 3206 cogitur
928 3129 990 3186 aer.
1154 3124 1195 3182 20

211 3220 278 3278 Nec
294 3241 347 3278 nos
361 3222 453 3279 obniti
468 3221 581 3291 contri,
597 3241 653 3279 nec
667 3221 790 3279 tendere
804 3221 927 3290 tantum,

214 3312 408 3371 sufficimus·
437 3316 563 3390 Superat
580 3314 717 3388 quoniam
731 3314 874 3384 Fortuna,
891 3330 1062 3389 sequamur,

213 3404 342 3481 Qudque
359 3415 456 3476 vocat,
473 3415 623 3462 vertamus
637 3405 701 3463 iter.
744 3407 810 3464 Nec
825 3406 923 3463 littora
937 3405 1026 3483 longe

212 3497 288 3556 Fida
303 3519 371 3556 reor
385 3499 517 3556 fraterna
532 3497 651 3572 Erycis,
669 3506 827 3574 portusque
843 3500 978 3571 Sicanos,
1198 3564 1201 3568 μ

214 3592 245 3651 si
259 3594 344 3651 modd
360 3594 414 3652 ritd
430 3611 542 3651 memor
555 3600 675 3651 servata
689 3596 828 3652 remetior
842 3602 931 3653 astra.
1155 3587 1197 3650 26

213 3684 290 3743 Tum
306 3687 370 3763 pius
385 3688 504 3744 AEneas
520 3707 526 3743 ε
548 3687 695 3763 Equidem
710 3688 753 3743 sic
769 3706 891 3763 poscere
907 3694 1010 3744 ventos

212 3779 402 3851 Jamdudum,
420 3789 449 3837 et
464 3781 574 3839 frustra
588 3800 679 3838 cerno
693 3789 722 3837 te
737 3780 859 3837 tendere
875 3779 988 3838 contrd.

213 3871 317 3930 Flecte
332 3874 409 3931 viam
425 3873 507 3932 velis.
549 3874 597 3932 An
612 3875 649 3931 sit
664 3874 733 3931 mibi
748 3874 859 3951 gratior
875 3872 944 3943 ulla,

213 3964 321 4032 Qudve
336 3966 431 4043 magis
447 3967 543 4024 fessas
556 3977 654 4044 optem
668 3968 821 4024 demittere
836 3985 939 4036 naves,

214 4057 313 4125 Quem
329 4079 395 4135 qum
409 4060 595 4118 Dardanium
609 4061 697 4118 tellus
711 4060 781 4117 mibi
795 4068 894 4116 servat
908 4061 1052 4130 Acesten,
1159 4059 1200 4118 30

212 4152 253 4211 Et
268 4151 360 4230 patris
374 4153 514 4212 Anchisae
528 4155 642 4231 gremio
659 4152 865 4229 complectitur
881 4151 973 4209 ossa?
