2692 5122
182 378 222 436 02
470 371 497 418 l’.
520 370 686 419 vtttulutt
712 369 885 421 Maxouts

181 510 223 570 Et
237 509 296 570 duo
310 518 396 588 rapta
409 529 497 569 manu
513 509 631 569 diverso
646 529 683 570 ex
696 510 781 570 hoste
794 518 919 590 tropas,

181 604 294 682 Bisque
308 604 504 683 triumphatas
519 613 645 681 utroque
659 605 697 663 ab
711 604 809 663 littore
823 611 937 683 gentes.

182 698 308 757 Stabunt
322 707 352 756 et
365 697 447 757 Parii
464 697 590 775 lapides,
606 698 750 775 spirantia
763 698 859 777 signa,

180 795 324 853 Assaraci
341 794 451 872 proles,
466 791 663 870 demissasque
679 795 715 852 ab
729 794 805 852 Jove
820 793 918 871 gentis

180 887 210 948 N
212 889 322 960 omina,
337 887 476 965 Trosque
491 906 609 965 parens,
626 896 656 945 et
670 887 770 964 Trojas
785 886 935 964 Cynthius
947 893 1064 945 auctor.

54 1005 57 1010 ·
181 981 298 1041 Invidia
310 981 412 1040 infelix
425 980 536 1040 Furias
550 999 725 1058 cumamque
739 1000 877 1040 severum

182 1074 291 1153 Cocyti
305 1081 426 1146 metuet,
442 1083 595 1150 tortosque
611 1072 722 1132 Ixionis
736 1094 852 1152 angues

180 1166 402 1246 Immunemque
417 1175 522 1238 rotam,
539 1176 569 1225 et
582 1188 641 1227 non
654 1169 862 1246 exsuperabile
877 1187 990 1226 saxum.

220 1261 342 1321 Interea
354 1261 512 1338 Dryadum
526 1261 617 1319 silvas
631 1262 784 1338 saltusque
799 1281 960 1338 sequamur

180 1353 324 1425 Intactos,
338 1364 401 1426 tua,
418 1355 583 1426 Maecenas,
599 1355 678 1413 haud
696 1356 796 1414 mollia
813 1356 908 1432 jussa.

180 1449 226 1507 Te
240 1449 304 1507 siue
317 1449 359 1507 nil
377 1448 468 1507 altum
483 1467 566 1506 mens
579 1449 708 1508 inchoat.
750 1449 810 1520 En,
826 1467 894 1526 age,
910 1466 1020 1526 segnes

179 1543 298 1620 Rumpe
313 1561 412 1600 moras
428 1561 436 1611 3
459 1549 547 1600 vocat
561 1542 675 1618 ingenti
689 1542 820 1599 clamore
835 1540 999 1611 Cithaeron,

180 1635 370 1713 Taygetique
384 1653 487 1706 canes,
504 1633 699 1709 domitrixque
713 1633 883 1712 Epidaurus
897 1651 1041 1709 equorum
1056 1651 1064 1703 3

178 1726 220 1788 Et
235 1748 292 1787 vox
306 1747 430 1787 assensu
445 1746 598 1787 nemorum
611 1727 794 1805 ingeminata
807 1726 944 1804 remugit.

179 1822 252 1880 Mox
265 1830 364 1880 tamen
379 1821 517 1880 ardentes
530 1820 674 1898 accingar
686 1820 787 1878 dicere
802 1839 919 1898 pugnas

180 1913 324 1985 Caesaris,
340 1921 370 1973 et
384 1934 490 1973 nomen
506 1913 586 1972 sami
598 1922 640 1972 tot
656 1913 734 1971 serre
748 1932 802 1991 per
815 1932 910 1972 anuos

179 2008 300 2068 Tithoni
314 2006 411 2086 primb
423 2015 495 2084 quot
510 2009 595 2066 abest
610 2009 647 2066 ab
661 2007 776 2084 origine
790 2006 906 2066 Caesar.

219 2104 280 2162 Seu
296 2102 372 2179 quis,
389 2099 575 2179 Olympiaca
589 2101 712 2159 miratus
725 2101 847 2177 praemia
862 2101 978 2178 palma,

178 2192 281 2255 Pascit
295 2214 399 2273 equos,
415 2214 469 2252 seu
484 2195 551 2270 quis
565 2194 656 2252 sortes
670 2194 708 2251 ad
722 2202 823 2251 aratra
838 2194 996 2269 juvencos,

180 2288 318 2366 Corpora
331 2287 480 2365 praecipub
496 2296 621 2345 matrum
636 2288 725 2365 legat.
767 2286 888 2363 Optima
900 2296 993 2346 torvas

178 2381 289 2441 Forma
303 2381 396 2450 bovis,
413 2379 461 2437 cui
480 2388 566 2457 turpe
581 2389 680 2457 caput,
697 2380 746 2438 cui
762 2380 887 2457 plurima
901 2382 1015 2454 cervix,

178 2475 219 2534 Et
233 2493 354 2533 crurum
367 2480 457 2530 tenus
471 2491 489 2529 a
504 2482 603 2532 mento
617 2473 751 2551 palearia
764 2473 893 2551 pendent
910 2493 918 2543 3

177 2569 257 2627 Tum
271 2567 361 2644 longo
374 2566 474 2624 nullus
488 2565 575 2624 lateri
588 2567 691 2624 modus
707 2585 715 2636 3
739 2567 837 2625 omnia
851 2554 972 2647 magna,

177 2656 238 2730 Pes
252 2659 342 2718 etiam
357 2678 365 2728 3
389 2668 418 2717 et
434 2659 566 2716 camuris
583 2659 668 2717 hirtae
682 2662 738 2719 sub
752 2661 892 2720 cornibus
906 2681 1006 2722 aures.

178 2752 207 2811 N
210 2771 246 2811 ec
260 2752 331 2810 mihi
344 2750 498 2829 displiceat
513 2752 638 2810 maculis
651 2753 776 2831 insignis
789 2762 819 2812 et
833 2755 912 2827 albo,

179 2844 241 2904 Aut
257 2845 334 2923 juga
348 2844 519 2904 detrectans
532 2864 540 2914 3
565 2845 770 2923 interdumque
786 2867 893 2925 aspera
905 2868 1011 2921 cornu,

178 2938 218 2997 Et
233 2938 340 2997 faciem
353 2946 441 2997 tauro
455 2938 574 3017 propior
589 2957 597 3008 3
623 2959 747 3016 quaeque
761 2941 856 3000 ardua
868 2951 940 3016 tota,

178 3033 218 3092 Et
233 3031 376 3111 gradiens
389 3030 450 3091 imt
463 3033 554 3091 verrit
568 3018 695 3111 vestigia
709 3033 815 3094 caudis.

218 3129 311 3188 AEtas
324 3126 472 3186 Lucinam
489 3127 645 3203 justosque
659 3129 720 3205 pati
738 3129 908 3206 hymeneos

178 3220 296 3280 Desinit
312 3229 380 3278 ante
394 3220 508 3290 decem,
525 3229 591 3296 post
605 3229 731 3296 quatuor
745 3222 847 3301 incipit
862 3243 974 3283 annos:

179 3312 302 3373 Caetera
314 3331 371 3371 nec
386 3312 501 3370 soeturse
516 3311 634 3383 habilis,
649 3333 707 3372 nec
722 3315 805 3374 sortis
820 3318 937 3376 aratris.

179 3403 309 3476 Interea,
326 3413 446 3482 superat
460 3405 602 3482 gregibus
615 3404 685 3465 dum
702 3408 771 3466 laeta
787 3409 938 3486 juventas,

179 3498 267 3556 Solve
282 3515 380 3555 mares
398 3515 406 3567 ;
429 3497 510 3557 mitte
525 3498 555 3556 io
569 3497 719 3558 Venerem
733 3503 877 3578 pecuaria
889 3504 1011 3582 primus,

178 3591 278 3669 Atque
293 3590 381 3648 aliam
395 3609 433 3648 ex
447 3589 507 3649 atis
520 3591 690 3669 generando
704 3594 808 3654 suffice
824 3598 946 3674 prolem.

178 3683 298 3762 Optima
312 3703 438 3761 querque
453 3683 517 3743 dies
530 3685 646 3745 miseris
660 3688 832 3748 mortalibus
847 3691 903 3749 aevi

178 3776 278 3834 Prima
293 3777 389 3854 fugit:
412 3777 540 3836 subeunt
553 3780 658 3851 morbi,
673 3780 825 3858 tristisque
840 3793 992 3859 senectus,

178 3870 219 3929 Et
233 3870 328 3944 labor,
345 3881 374 3929 et
389 3870 471 3930 duras
483 3873 561 3949 rapit
575 3873 764 3933 inclementia
778 3878 890 3937 mortis.

181 3964 305 4041 Semper
318 3972 414 4036 eruut,
432 3983 557 4042 quarum
570 3967 678 4025 mutari
692 3986 817 4046 corpora
829 3971 915 4031 malis
929 3993 937 4043 3

176 4059 302 4137 Semper
315 4058 394 4117 eninr
406 4059 498 4117 refice
515 4079 522 4116 :
542 4079 591 4133 ac,
607 4081 645 4119 ne
659 4061 725 4140 pbst
739 4064 849 4123 amissa
861 4067 1010 4144 requiras,

178 4152 337 4225 Anteveni‚
352 4161 381 4211 et
395 4153 529 4212 sobolem
543 4163 676 4214 armento
690 4157 796 4216 sortire
812 4160 978 4237 quotannis.
