2692 5122
490 688 690 738 auconrcn
726 690 806 740 nen
831 693 877 741 rx.
1137 700 1172 758 31

185 822 289 884 “Huc
304 823 388 898 sdes,
404 845 422 884 o
436 825 585 886 Galatea:
610 829 676 906 quis
690 839 736 889 est
750 850 819 889 nam
837 830 925 889 ludus
939 829 970 889 in
983 829 1070 892 undis
1084 829 1109 889 i·

180 917 246 979 Hic
260 938 313 978 ver
326 939 507 998 perpureum
522 941 530 991 ;
554 924 653 982 varios
666 924 715 982 hic
730 925 850 983 flumina
863 924 978 984 circum
1136 927 1176 985 40

180 1011 292 1070 Fundit
306 1012 414 1072 humus
428 1013 517 1073 flores
533 1035 540 1085 ;
565 1013 614 1074 hic
629 1017 757 1075 candida
771 1017 896 1095 populus
911 1024 997 1076 antro

182 1104 329 1177 Imminet,
345 1116 375 1165 et
389 1107 478 1167 lentae
492 1118 595 1167 texunt
610 1110 785 1168 umbracula
799 1110 884 1169 vites.

181 1197 255 1258 Huc
270 1197 343 1258 ades
359 1219 367 1270 ;
391 1200 489 1260 insani
503 1203 611 1261 feriant
625 1202 688 1261 sine
703 1202 802 1261 littora
816 1202 959 1261 fluctus.”

606 1377 745 1417 nemis.

181 1478 274 1552 Quid,
292 1499 358 1557 quae
372 1488 403 1540 te
417 1480 494 1559 purat
506 1483 602 1542 solum
615 1484 671 1540 sub
685 1491 773 1540 nocte
787 1489 946 1542 canentem

180 1573 371 1633 Audieram?
411 1575 561 1634 Numeros
574 1575 704 1646 memini,
721 1576 746 1633 si
760 1577 854 1633 verba
867 1584 1010 1635 tenerem.
1132 1575 1171 1634 45

618 1751 732 1791 Moenls.

184 1857 207 1885 “
217 1850 349 1932 Daphni,
366 1854 436 1929 quid
449 1854 587 1931 antiquos
602 1855 754 1933 signorum
768 1852 896 1932 suspicis
910 1851 1017 1913 ortus?

180 1945 265 2004 Ecce
279 1945 398 2006 Dionaei
413 1948 556 2025 processit
571 1947 705 2008 Caesaris
719 1957 832 2007 astrum
849 1966 857 2016 ;

179 2039 312 2111 Antrum,
330 2060 388 2117 quo
402 2049 521 2120 segetes
534 2042 700 2119 gauderent
714 2042 861 2119 frugibus,
877 2048 908 2100 et
921 2059 979 2117 quo

178 2130 313 2191 Duceret
328 2133 438 2211 apricis
453 2134 482 2192 in
497 2135 622 2193 collibus
638 2154 696 2192 uva
710 2135 850 2194 colorem.
1119 2181 1120 2185 ,

180 2223 294 2298 Insere,
310 2226 444 2304 Daphni,
460 2228 539 2304 piros
555 2248 562 2296 ;
587 2236 710 2305 carpent
724 2237 776 2286 tua
791 2247 878 2305 poma
891 2226 1049 2306 nopotee.”
1128 2228 1169 2287 50

218 2318 327 2378 Omnia
340 2320 395 2378 sert
411 2333 495 2391 retas,
512 2321 642 2378 animum
657 2340 785 2397 quoque.
828 2320 916 2397 Saepe
931 2339 990 2398 ego
1002 2319 1109 2399 longos

180 2410 338 2471 Cantando
352 2432 477 2490 puerum
490 2413 610 2471 memini
625 2431 670 2470 me
684 2413 814 2470 condere
829 2414 918 2471 soles.

178 2505 207 2563 N
210 2525 267 2563 unc
282 2505 373 2564 oblita
386 2505 457 2564 nihi
471 2513 513 2563 tot
527 2505 682 2573 carmiua;
705 2523 763 2562 vox
778 2523 896 2580 quoquo
909 2503 1021 2563 Moerin

178 2596 249 2657 Jam
262 2598 337 2676 sugit
351 2599 416 2676 ipsa
430 2618 437 2654 :
460 2597 520 2675 lupi
534 2597 647 2655 Moerin
660 2595 762 2656 vidire
777 2597 901 2675 priores.

179 2691 236 2750 Sed
250 2700 350 2750 tamen
364 2692 421 2750 ista
435 2691 507 2750 satis
521 2691 630 2749 reseret
643 2691 696 2748 tibi
709 2690 790 2769 saepe
805 2690 972 2751 Menalcas.
1127 2693 1166 2752 55

599 2883 737 2923 incluso.

178 2986 340 3048 Causando
355 2996 471 3067 nostros
485 2988 514 3045 in
529 2988 649 3065 longum
663 2986 747 3046 ducis
762 3006 888 3046 amores.

176 3079 215 3140 Et
229 3102 309 3140 nunc
323 3101 408 3139 omne
422 3081 474 3139 tibi
489 3089 614 3139 stratum
627 3082 693 3139 silet
708 3101 820 3158 aequor,
837 3089 867 3138 et
880 3098 993 3153 omnes,

175 3175 318 3252 Adspice,
335 3174 451 3232 ventosi
465 3174 637 3232 ceciderunt
652 3176 808 3233 murmuris
823 3194 914 3233 aurae.

176 3267 258 3327 Hinc
272 3267 348 3326 aded
363 3268 460 3326 media
474 3277 519 3325 est
534 3268 619 3325 nobis
633 3268 681 3325 via
693 3287 700 3337 ;
724 3287 853 3343 namque
867 3266 1040 3344 sepulcrum

177 3359 284 3440 Incipit
299 3380 444 3439 apparere
460 3360 608 3419 Bianoris.
651 3360 714 3418 Hic
729 3361 779 3417 ubi
794 3360 903 3417 densas
1126 3362 1165 3420 60

175 3454 326 3532 Agricolae
340 3454 488 3532 stringunt
502 3453 632 3523 frondes,
648 3451 708 3522 hic,
725 3450 829 3522 Moeri,
846 3469 1007 3522 canamus3

176 3546 237 3605 Hic
252 3547 353 3605 haedos
367 3547 483 3624 depone
496 3565 504 3615 ;
526 3553 625 3604 tamen
639 3545 792 3602 veniemus
806 3544 836 3601 in
850 3545 974 3603 urbem·

176 3639 246 3709 Aut,
263 3640 288 3697 si
303 3659 361 3697 nox
375 3640 503 3717 pluviam
522 3658 559 3697 ne
574 3639 696 3716 colligat
708 3638 776 3695 ante
791 3656 939 3709 veremur,

177 3730 343 3791 Cantantes
357 3733 427 3791 licet
442 3752 536 3809 usque
552 3732 661 3810 (minius
675 3732 722 3790 via
737 3731 839 3808 laedat)
855 3749 968 3791 eamus.

177 3824 343 3885 Cantantes
358 3834 390 3884 ut
403 3845 516 3898 eamus,
533 3846 590 3904 ego
604 3827 661 3884 hoc
674 3834 704 3883 te
719 3826 800 3883 fasce
814 3825 932 3884 levabo.
1124 3830 1163 3887 65

610 4000 725 4040 MOERIS.

175 4102 288 4163 Desine
303 4104 400 4182 plura,
417 4125 491 4183 puer
504 4126 512 4176 ;
536 4114 576 4178 et,
593 4104 671 4182 quod
684 4123 763 4162 nunc
778 4103 877 4174 instat,
895 4121 1028 4181 agamus.

178 4195 321 4259 Carmina
332 4207 396 4258 tum
408 4200 524 4271 melius,
542 4219 631 4276 quum
645 4198 759 4256 venerit
773 4198 848 4276 ipse,
864 4216 1016 4257 ennomus.
