2692 5122
229 381 267 438 00
517 373 545 421 P.
564 373 731 421 viamen
753 374 927 425 HABONIS

228 513 337 574 Donec
350 514 419 573 talis
433 514 488 573 erit
502 522 614 574 mutate
629 533 765 593 corpore,
782 516 902 592 qualem

228 608 360 681 Videris,
377 609 495 686 incepto
508 616 626 686 tegeret
641 628 731 685 quum
745 609 856 667 lumina
869 608 1005 667 somn0.”

268 702 348 762 Haec
362 703 414 774 ait,
430 711 460 759 et
473 701 617 777 liquidum
632 703 786 761 ambrosias
801 702 935 761 diffundit
949 701 1080 772 odorem,
1156 702 1216 760 415

230 795 300 865 Quo
313 805 407 855 totum
422 796 484 854 nati
498 815 607 873 corpus
621 796 758 873 perduxit
773 815 780 853 ε
802 806 832 854 at
846 796 887 854 illi

228 889 336 948 Dulcis
351 888 521 966 compositis
538 889 660 966 spiravit
675 889 807 948 crinibus
821 908 905 961 aura,

229 982 330 1059 Atque
344 982 451 1040 habilis
464 983 605 1041 membris
619 982 699 1040 venit
713 983 806 1060 vigor.
849 983 905 1042 Est
920 1001 1029 1061 specus
1042 981 1149 1059 ingens

227 1075 323 1135 Exesi
336 1076 430 1134 latere
446 1075 475 1132 in
490 1076 608 1146 montis,
625 1075 683 1152 qud
698 1076 825 1153 plurima
839 1085 927 1134 vento

228 1167 358 1247 Cogitur
371 1169 461 1245 inque
476 1169 559 1227 sinus
572 1169 679 1227 scindit
696 1189 763 1227 sese
779 1169 858 1228 unda
872 1169 1011 1227 reductos
1025 1188 1033 1238 ;
1156 1171 1216 1228 420

226 1261 394 1340 Deprensis
408 1263 477 1321 olim
490 1263 579 1321 statio
591 1263 739 1321 tutissima
753 1264 870 1322 nautis:

227 1355 313 1414 Intus
327 1376 360 1414 se
375 1356 451 1415 vasti
464 1356 592 1414 Proteus
605 1357 680 1434 tegit
694 1357 790 1432 objice
805 1357 879 1416 saxi.

227 1449 291 1508 Hi‘c
307 1450 449 1527 juvenem
466 1449 497 1507 in
511 1450 634 1508 latebris
649 1470 788 1509 aversum
802 1471 820 1509 a
833 1451 942 1509 lumine
957 1450 1096 1528 Nympha

228 1541 367 1604 Collocat
382 1563 389 1600 ε
412 1544 477 1621 ipsa
490 1543 594 1621 procul
608 1544 725 1602 nebulis
740 1547 870 1602 obscura
883 1544 1001 1602 resistit.

225 1637 295 1697 Jum
309 1637 430 1715 rapidus
443 1647 560 1695 torrens
574 1637 709 1695 sitientes
724 1638 818 1695 Sirius
833 1636 923 1695 Indos
1155 1635 1216 1693 495

226 1730 371 1801 Ardebat,
388 1731 467 1789 coeln
480 1739 509 1788 et
524 1729 652 1788 medium
666 1731 710 1788 sol
725 1731 831 1808 igneus
845 1732 948 1789 orbem

226 1823 382 1882 Hauserat
399 1843 406 1893 ;
431 1826 556 1882 arebant
570 1824 682 1895 herbas,
698 1832 727 1881 et
742 1843 819 1882 cava
832 1824 953 1882 flumina
967 1823 1057 1882 siccis

226 1917 380 1975 Faucibus
395 1917 432 1976 ad
446 1918 549 1976 limum
562 1917 636 1976 radii
650 1918 801 1995 tepefacta
814 1918 982 1993 coquebant
997 1936 1005 1973 ι

227 2009 328 2078 Quum
341 2011 469 2069 Proteus
484 2021 629 2070 consueta
642 2020 745 2089 petens
759 2030 776 2068 e
791 2011 930 2069 fluctibus
944 2018 1029 2068 antra

226 2102 315 2175 Ibat3
343 2125 411 2163 eum
425 2107 501 2165 vasti
516 2107 630 2164 circum
644 2125 719 2184 gens
733 2105 853 2162 humida
868 2104 949 2182 ponti
999 2105 1003 2113 '
1155 2105 1215 2163 490

225 2197 389 2257 Exsultaus
403 2219 501 2257 rorem
515 2198 574 2259 late
590 2199 728 2276 dispersit
743 2218 886 2256 amarum.

227 2292 368 2350 Sternunt
383 2311 415 2350 se
430 2312 533 2350 somno
548 2292 673 2350 diversae
688 2292 718 2349 in
732 2292 829 2349 littore
845 2292 957 2368 phocas.

226 2384 307 2462 Ipse,
324 2387 404 2444 velut
418 2387 528 2444 stabuli
542 2395 642 2444 custos
657 2385 685 2443 in
700 2386 847 2443 montibus
862 2386 940 2458 olim,

225 2481 345 2559 Vesper
359 2483 409 2540 ubi
424 2502 440 2540 e
455 2491 541 2559 pastu
557 2482 663 2540 vitulos
678 2482 715 2539 ad
728 2490 809 2539 tecta
822 2481 947 2554 reducit,

225 2574 403 2651 Auditisque
417 2576 503 2652 lupos
518 2584 628 2633 acuunt
642 2575 790 2633 balatibus
804 2576 884 2653 agni,
1154 2576 1214 2636 435

227 2667 363 2728 Concidit
378 2669 501 2746 scopulo
515 2667 639 2738 medius,
656 2687 872 2743 numerumque
887 2678 1034 2730 recenset.

226 2761 325 2838 Cujus
338 2763 466 2820 Aristaeo
481 2762 620 2838 quoniam
635 2771 681 2819 est
696 2763 795 2820 oblata
809 2763 947 2834 facultas,

225 2854 285 2915 Vix
298 2855 419 2914 defessa
432 2874 534 2914 senem
548 2875 655 2932 passus
669 2875 848 2932 componere
862 2859 1004 2929 membra,

226 2948 306 3011 Cum
320 2951 450 3009 clamore
465 2950 522 3008 ruit
537 2969 655 3027 magno,
672 2950 855 3027 manicisque
872 2951 1022 3026 jacentem

116 3044 119 3049 ’
225 3042 371 3123 Occupat.
414 3045 479 3115 Ille,
496 3063 559 3103 suae
574 3045 679 3102 contris
693 3063 751 3102 non
767 3044 919 3103 immemor
932 3045 1014 3117 artis,
1154 3046 1214 3105 440

225 3137 334 3196 Omnia
347 3139 537 3197 transformat
551 3157 619 3196 sese
634 3137 664 3195 in
678 3137 824 3196 miracula
837 3157 947 3210 rerum,

226 3229 403 3309 Ignemque,
420 3233 651 3308 horribilemque
664 3232 769 3303 seram,
786 3232 967 3309 fluviumque
981 3232 1152 3309 liquentem.

224 3323 339 3383 Verirm
355 3327 404 3384 ubi
418 3326 500 3384 nulla
514 3325 615 3402 sugam
629 3326 739 3402 reperit
754 3326 893 3403 pellacia,
909 3327 1006 3385 victus

226 3416 261 3475 In
276 3438 343 3476 sese
358 3418 444 3490 redit,
461 3427 551 3494 atque
566 3419 692 3476 bominis
705 3419 825 3477 tandem
838 3439 890 3477 ore
905 3420 1022 3478 locutus
1037 3439 1045 3477 ι

228 3518 249 3547 “
261 3514 340 3573 Nam
355 3514 420 3591 quis
434 3524 474 3585 te,
486 3514 631 3589 juvenum
645 3514 905 3586 confidentissime,
918 3524 1036 3574 nostras
1154 3515 1214 3574 446

224 3606 320 3667 Jussit
335 3609 417 3667 adire
431 3609 561 3668 domus?
587 3609 695 3685 quidve
710 3609 779 3667 hinc
794 3611 869 3687 petis
883 3611 894 3666 l
907 3611 925 3637 '’
947 3611 1051 3688 inquit.
1085 3612 1126 3671 At
1139 3611 1211 3670 ille:

227 3707 248 3732 “
262 3703 338 3775 Scis,
353 3702 475 3774 Proteu,
492 3703 552 3762 scis
566 3704 629 3781 ipse
646 3722 653 3772 ;
677 3722 776 3779 neque
790 3714 836 3762 est
848 3713 879 3762 te
894 3704 998 3763 fallere
1013 3704 1195 3782 quidquam:

225 3797 285 3855 Sed
298 3807 330 3855 tu
344 3797 446 3855 desine
461 3798 537 3856 velle
554 3818 562 3868 ;
584 3798 671 3858 delum
686 3809 836 3878 praecepta
850 3800 946 3858 secuti

224 3889 380 3962 Venimus,
397 3891 465 3949 binc
481 3891 572 3968 lapsis
587 3895 743 3969 quaesitum
757 3894 882 3952 oracula
895 3894 1022 3961 rebus.'’

223 3982 353 4042 Tentitm
368 3986 484 4044 effatus.
527 3985 576 4044 Ad
590 3987 655 4045 haec
670 3996 753 4045 vates
767 3988 797 4045 vi
811 3987 938 4064 denique
952 3984 1047 4047 multi
1154 3988 1214 4048 450

224 4077 375 4137 Ardentes
388 4079 492 4138 oculos
505 4080 623 4139 intersit
637 4080 746 4138 lumine
761 4080 880 4158 glauco,

224 4172 275 4245 Et,
292 4174 424 4253 graviter
437 4174 588 4247 frendens,
604 4174 649 4234 sic
662 4172 731 4233 fatis
745 4192 799 4233 ora
811 4173 933 4234 resolvit
944 4193 952 4234 ε
