2692 5122
182 396 243 455 ῃ
469 391 495 437 r.
515 390 681 439 virumn
703 390 874 440 aaronis

183 531 290 591 Ardua
303 537 382 588 tecta
398 530 469 607 petit
482 529 602 601 stabuli,
618 538 648 587 et
662 529 699 586 de
713 529 840 587 culmine
855 547 970 588 summo
1023 504 1033 529 ⁰

183 623 339 682 Pastorale
353 623 432 680 canit
446 622 573 699 signum,
590 640 743 696 cornuque
757 640 884 680 recurvo

183 717 362 776 Tartaream
375 717 498 773 intendit
512 733 617 772 vocem
631 733 639 784 ;
664 713 725 787 qud
737 723 879 791 protenus
892 732 979 775 omno

183 809 371 870 Contremuit
384 829 500 881 nemus,
513 818 542 867 et
557 809 639 867 silvae
653 806 808 867 intonuere
822 808 985 885 profundae.
1104 813 1167 873 615

182 905 284 963 Audiit
299 913 327 961 et
341 904 453 962 Triviae
467 902 555 980 longe
569 902 655 960 lacus
669 921 676 970 3
700 901 792 959 audiit
807 902 902 960 amnis

183 997 323 1056 Sulsured
337 997 402 1054 Nar
416 998 501 1054 albus
515 994 605 1071 aquai,
622 995 778 1070 sontesque
793 994 892 1052 Velini
904 1013 913 1064 3

181 1090 222 1149 Et
236 1091 358 1168 trepidae
372 1100 484 1147 matres
499 1086 635 1166 pressire
650 1087 685 1145 ad
701 1096 823 1164 pectora
837 1095 940 1147 natos..

181 1183 259 1241 Tum
275 1183 346 1241 verd
362 1182 399 1239 ad
414 1201 517 1240 vocem
532 1182 658 1251 celeres,
675 1180 735 1256 qud
749 1181 878 1238 buccina
891 1182 1008 1260 signnm

181 1274 259 1334 Dira
272 1276 362 1348 dedit,
378 1276 471 1354 raptis
485 1285 665 1333 concurrunt
680 1274 809 1349 undique
822 1275 890 1331 telis
1103 1278 1166 1338 620

183 1369 319 1427 Indomiti
335 1370 475 1446 agricolae
490 1387 497 1438 ;
521 1388 577 1426 nec
591 1388 649 1426 non
663 1377 692 1426 et
706 1367 799 1424 Troia
815 1369 908 1444 pubes

182 1463 314 1520 Ascanio
329 1463 469 1520 auxilium
482 1463 589 1520 castris
603 1461 725 1519 effundit
740 1461 859 1537 apertis.

181 1555 330 1614 Direxere
345 1557 446 1613 acies:
470 1575 527 1613 non
544 1555 606 1630 jam
620 1554 784 1612 certamine
799 1553 920 1632 agresti,

184 1649 336 1725 Stipitibus
350 1648 432 1706 duris
447 1649 555 1725 agitur,
572 1647 732 1705 sudibusve
747 1647 884 1723 praeustis
897 1665 905 1716 3

184 1741 242 1800 Sed
258 1742 336 1799 ferro
350 1741 471 1817 ancipiti
485 1740 658 1812 decernunt,
674 1749 800 1817 atraque
814 1740 874 1798 late
1103 1742 1164 1803 oab

182 1834 341 1892 Horrescit
355 1835 465 1892 strictis
479 1853 568 1912 seges
581 1835 713 1906 ensibus,
730 1853 850 1910 aeraque
865 1834 980 1913 fulgent

183 1927 252 1989 Sole
267 1928 417 1998 incessite,
433 1935 462 1984 et
476 1926 573 1984 lucem
587 1928 642 1984 sub
656 1927 760 1984 nubila
776 1927 913 2002 jactant:

181 2020 307 2078 Fluctus
322 2021 363 2078 uti
378 2021 469 2098 primo
484 2021 573 2097 coepit
589 2039 677 2096 quum
697 2021 850 2078 albescere
864 2028 964 2093 vento,

181 2114 329 2173 Paulatim
343 2134 410 2172 sese
424 2115 499 2172 tollit
513 2133 606 2185 mare,
622 2123 651 2172 et
666 2115 754 2172 altiirs
768 2115 863 2172 undas

181 2205 290 2285 Erigit,
307 2207 374 2265 inde
387 2208 446 2264 imo
461 2208 613 2285 consurgit
628 2208 666 2264 ad
681 2209 791 2265 aetlrera
807 2207 905 2267 fundo.
1102 2208 1163 2270 δα)

181 2299 244 2358 Hic
261 2302 380 2377 juvenis
394 2301 517 2377 primam
532 2308 600 2357 ante
615 2302 720 2372 aciem,
737 2301 879 2359 stridente
893 2299 1014 2380 sagittb,

181 2393 327 2453 Natorum
340 2394 469 2470 Tyrrhei
483 2393 580 2450 suerat
596 2395 645 2468 qui
659 2395 813 2465 maximus,
830 2396 916 2454 Almo

182 2487 349 2544 Sternitur:
373 2487 456 2543 haesit
471 2487 548 2543 enim
563 2488 618 2543 sub
633 2495 753 2564 gutture
768 2490 885 2560 vulnus,
901 2497 931 2547 et
942 2487 1010 2548 udo

181 2577 273 2636 Vocis
288 2580 343 2635 iter
357 2587 535 2654 tenuemque
550 2580 668 2637 inclusit
683 2583 828 2659 sanguine
844 2583 943 2641 vitam.

181 2668 318 2748 Corpora
333 2671 424 2728 multa
439 2668 530 2728 viuim
545 2671 648 2740 circb3
672 2676 830 2749 seniorque
844 2675 993 2747 Galaesus,
1102 2676 1162 2736 ⁶³⁵

180 2763 261 2821 Dum
275 2765 341 2841 paci
355 2765 481 2821 medium
496 2783 528 2821 se
544 2765 639 2836 offert,
652 2767 834 2842 justissimus
849 2787 926 2827 unua

181 2857 242 2925 Qui
257 2858 319 2928 tuit,
335 2858 535 2934 Ausoniisque
551 2859 618 2916 olim
634 2859 793 2918 ditissimus
807 2862 907 2919 arvis:

181 2950 321 3026 Quinque
336 2970 445 3028 greges
460 2951 501 3008 illi
515 2950 676 3022 balantum,
694 2953 783 3028 quina
798 2954 933 3012 redibant

179 3046 333 3115 Armenta,
349 3053 378 3102 et
392 3053 500 3102 terram
516 3054 634 3103 centum
649 3049 782 3104 vertebat
797 3048 914 3107 aratris.

217 3141 327 3214 Atque,
344 3158 381 3195 ea
396 3159 448 3215 per
462 3159 582 3216 campos
597 3159 683 3215 aequo
696 3140 764 3196 dnm
778 3140 877 3198 Marte
891 3148 1048 3218 geruntur,
1099 3140 1159 3199 640

178 3230 320 3290 Promissi
334 3231 392 3288 dea
406 3232 485 3289 sacta
499 3242 612 3309 potens,
629 3233 679 3290 ubi
693 3233 838 3310 sanguine
853 3234 963 3292 bellum

180 3323 298 3394 Imbuit,
315 3333 343 3382 et
360 3325 459 3401 primoe
474 3325 617 3382 commisit
633 3325 737 3382 funera
752 3345 869 3403 pugnae,

177 3418 300 3476 Deserit
314 3418 505 3494 Hesperiam,
522 3427 561 3487 et,
578 3419 647 3475 coeli
662 3439 804 3489 convexa,
821 3439 874 3497 per
887 3438 988 3493 auras,

176 3512 197 3570 J
200 3531 325 3569 unonem
340 3511 444 3568 victrix
458 3510 566 3567 affatur
580 3531 652 3568 voce
668 3512 817 3589 superbis:

176 3604 236 3675 En,
253 3604 385 3681 perfecta
399 3603 451 3659 tibi
466 3603 543 3660 bello
557 3604 706 3662 discordia
719 3607 795 3664 tristi
813 3625 820 3675 ;
956 3600 965 3609 ’
1099 3605 1158 3665 libb

176 3697 246 3768 Dic,
264 3698 293 3754 in
308 3697 466 3754 amicitiam
480 3699 596 3768 cudant,
613 3709 642 3754 et
656 3699 770 3757 soedera
787 3700 914 3778 jungant
929 3717 938 3769 3

177 3789 422 3865 Quandoquidem
437 3791 570 3848 Ausonio
585 3792 713 3868 respersi
727 3793 872 3869 sanguine
891 3793 1038 3852 Teucros.

176 3882 246 3941 Hoc
261 3884 349 3941 etiam
364 3884 409 3940 his
424 3884 539 3956 addam,
555 3894 607 3942 tua
621 3887 645 3943 ai
660 3887 730 3943 mihi
744 3897 829 3944 certa
843 3887 1001 3957 voluntes3

175 3976 329 4034 Finitimas
343 3976 372 4034 in
387 3977 464 4034 bella
478 3978 570 4036 seram
585 3981 751 4037 rumoribus
765 3982 865 4053 urbes,

175 4069 406 4146 Accendamque
422 4072 534 4130 animos
549 4075 643 4132 insani
657 4075 765 4131 Martis
780 4093 891 4146 amore,
1098 4074 1158 4133 ddi)

174 4163 312 4240 Undique
326 4171 357 4223 ut
372 4165 480 4224 auxilio
494 4167 613 4226 veniant
629 4187 637 4237 ;
661 4187 801 4246 spargam
815 4186 898 4226 arm
911 4185 965 4246 per
978 4182 1079 4246 agros.
