2692 5122
180 398 240 456 272
275 360 278 369 ’
480 386 871 436 nvrncmuusnonrs

181 535 282 609 Atque
297 531 402 588 iterum
416 528 446 586 in
459 529 597 586 Teucros
610 528 723 586 AEtolis
735 527 829 604 surgit
845 527 881 584 ab
894 524 984 603 Arpis

181 624 322 704 Tydides.
364 621 523 700 Equidem,
540 621 640 693 credo,
656 640 723 678 mea
737 622 861 678 vulnera
874 625 1010 690 restant}

182 719 222 777 Et
236 728 287 777 tua
301 718 458 796 progenies
472 716 608 774 mortalia
622 715 760 773 demoror
775 733 857 771 arma
872 718 878 771 !
1125 712 1167 774 w

183 813 214 869 Si
227 812 291 870 sine
307 830 380 888 pace
394 809 457 881 tufi,
474 817 564 886 atque
579 809 669 867 invito
683 807 813 877 numine,
830 806 926 866 Troes
1093 810 1096 817 ’

182 904 300 962 ltaliam
313 901 436 982 petiere,
452 904 535 961 luant
550 910 676 980 peccata
691 920 699 971 ;
723 921 820 978 neque
835 900 901 958 illos

180 997 302 1055 Juveris
316 997 434 1055 auxilio.
478 996 529 1053 Sin
544 1004 586 1053 tot
600 1014 743 1073 responsa
755 995 862 1065 secuti,

182 1089 260 1157 Qus
276 1090 382 1166 Superi
397 1089 567 1166 Manesque
583 1090 702 1159 dabant,
719 1107 773 1145 cur
787 1106 865 1145 nunc
879 1096 931 1145 tua
946 1085 1102 1165 quisquam

181 1182 309 1263 Vertere
319 1183 405 1259 jussa
420 1191 515 1260 potest
530 1183 540 1238 l
562 1192 613 1239 eut
628 1201 683 1239 cur
696 1200 774 1238 nova
786 1181 914 1238 condere
929 1169 1015 1238 l'atei
1123 1178 1166 1239 36

182 1273 261 1347 Quid
276 1290 408 1353 repetam
422 1284 544 1333 exustas
557 1275 690 1351 Erycino
704 1275 733 1331 in
748 1274 845 1331 littore
860 1274 973 1331 classes
987 1272 998 1330 i

182 1367 262 1435 Quid
277 1377 483 1446 tempestatum
498 1387 611 1446 regem,
627 1376 792 1443 ventosque
808 1366 942 1425 furentes

180 1461 288 1520 AEotit
300 1463 413 1520 excitos
428 1463 438 1516 ?
461 1471 509 1519 out
525 1472 622 1518 actam
637 1462 763 1518 nubibus
778 1460 848 1517 Irim
865 1459 876 1516 ἲ

181 1554 211 1612 N
214 1573 271 1611 unc
286 1555 376 1611 etiam
389 1554 497 1612 Manes
513 1555 592 1631 (haec
607 1554 751 1611 intentata
769 1554 908 1610 manebat

183 1648 254 1705 Sors
268 1648 381 1725 rerum)
397 1656 493 1705 movet
508 1667 515 1716 3
540 1656 569 1704 et
584 1647 699 1724 superis
713 1647 844 1704 immissa
857 1643 1000 1724 repentd'
1125 1644 1167 1706 ⁴⁰

181 1740 309 1810 Allecto,
326 1740 437 1798 medias
452 1739 559 1799 Italiam
574 1739 718 1797 bacchata
734 1759 787 1817 per
800 1741 899 1798 urbes.

181 1833 232 1891 Nil
247 1852 336 1910 super
350 1833 472 1910 imperio
487 1851 627 1892 moveor:
649 1834 833 1910 speravimus
847 1833 915 1904 ista,

181 1925 261 1984 Dum
276 1928 393 1984 fortuna
408 1926 460 1984 suit
477 1947 484 1997 ;
509 1928 638 1998 vincant,
657 1946 731 2004 quos
745 1928 864 1985 vincere
878 1925 980 1986 mavis.

182 2020 214 2077 Si
227 2020 309 2078 nulla
324 2028 368 2078 est
382 2021 476 2099 regio,
492 2021 621 2079 Teucris
637 2040 724 2096 quam
738 2023 786 2078 det
799 2029 851 2079 tua
872 2020 980 2098 conjux

180 2111 289 2183 Dura3
317 2134 369 2191 per
383 2133 507 2185 eversis,
524 2115 651 2192 genitor,
668 2115 810 2173 fumantia
827 2114 928 2191 Trojse
1125 2114 1165 2175 dd

180 2207 308 2265 Excidio
322 2210 463 2279 obtestor,
480 2208 569 2269 liceat
584 2208 728 2266 dimittere
743 2210 780 2265 ab
795 2208 884 2266 armis

181 2299 364 2358 incolumem
378 2301 551 2372 Ascanium,
567 2302 655 2358 liceat
670 2321 826 2378 superesse
842 2308 986 2380 nepotem.

180 2394 300 2451 AEneas
315 2395 418 2470 procul
432 2395 540 2471 ignotis
551 2395 683 2469 jactetur
697 2395 726 2453 in
741 2395 837 2466 undis,
1023 2456 1024 2460 ,

180 2485 220 2543 Et
235 2505 451 2561 quamcumque
467 2488 543 2544 viam
558 2488 671 2545 dederit
685 2489 819 2546 Fortuna
838 2494 983 2565 sequatur
996 2506 1004 2545 ε

179 2576 273 2636 Hunc
287 2587 401 2655 tegere,
418 2589 448 2635 et
462 2579 533 2636 dirae
548 2581 664 2638 valeam
678 2582 845 2639 subducere
862 2602 977 2660 pugnae.
1124 2582 1166 2642 50

179 2671 235 2730 Est
251 2671 405 2742 Amathus,
422 2681 467 2728 est
482 2673 563 2729 celsa
576 2674 645 2731 mihi
659 2674 792 2751 Paphus,
809 2684 898 2752 atque
913 2674 1059 2754 Cythera,

180 2764 341 2839 Idaliaeque
356 2764 459 2822 domus
473 2784 481 2834 ;
505 2766 607 2842 positis
622 2767 764 2843 inglorius
780 2769 869 2827 armis

178 2860 288 2938 Erigat
304 2859 352 2917 hic
367 2880 471 2920 aevum.
514 2860 628 2939 Magni
642 2863 751 2920 ditione
761 2865 866 2939 jubeto

180 2953 335 3030 Carthago
350 2963 462 3030 premat
477 2955 640 3012 Ausoniam
657 2974 665 3024 3
689 2957 759 3014 nibil
775 2958 897 3015 urbibus
910 2955 978 3016 inde

178 3046 440 3123 ObstabitTyriis.
484 3047 563 3115 Quid
579 3057 691 3125 pestem
706 3051 833 3108 evadere
849 3051 918 3109 belli
1124 3049 1185 3111 65.

177 3140 271 3211 Juvit,
288 3149 316 3197 et
331 3142 491 3218 Argolicos
504 3143 632 3199 medium
646 3143 757 3220 fugisse
773 3164 826 3221 per
840 3144 935 3222 ignes,

177 3233 294 3308 Totque
310 3235 399 3290 maris
413 3242 564 3310 vastaeque
579 3235 723 3293 exhausta
738 3237 869 3312 pericula
883 3246 982 3309 terrm,

177 3326 257 3383 Dum
272 3325 391 3383 Latium
404 3327 517 3385 Teucri
532 3328 723 3404 recidivaque
737 3330 887 3408 Pergama
899 3328 1063 3408 quierunt?

178 3419 246 3476 Non
261 3419 363 3490 sotius,
382 3420 498 3478 cineres
513 3421 616 3498 potriae
632 3421 775 3479 insedisse
791 3442 955 3501 supremos,

177 3513 276 3588 Atque
291 3513 396 3584 solum,
414 3532 471 3588 quo
486 3512 578 3590 Troja
594 3515 647 3572 tuit
664 3516 674 3570 ?
714 3515 867 3575 Xanthum
881 3525 910 3575 et
926 3517 1079 3577 Simoenta
1122 3517 1163 3576 60

68 3590 73 3603 ’
177 3605 293 3676 Redde,
311 3627 373 3677 oro,
390 3606 528 3676 miseris3
553 3608 717 3684 iterumque
732 3610 886 3668 revolvere
901 3629 991 3670 casus

176 3696 237 3769 Da,
255 3707 348 3775 p'ater,
366 3700 475 3759 Iliacos
488 3702 626 3762 Teucris.
668 3703 745 3759 Tum
761 3704 845 3781 regia
858 3704 950 3775 Juno,

176 3791 255 3847 Acta
269 3792 368 3850 furore
383 3795 468 3872 gravi
483 3814 490 3850 t
514 3794 594 3861 Quid
609 3815 654 3853 me
670 3796 730 3853 alta
745 3797 862 3854 silentia
879 3796 963 3875 cogis

176 3882 338 3961 Rumpere,
356 3896 385 3943 et
399 3889 558 3946 obductum
572 3890 671 3947 verbis
686 3891 808 3969 vulgare
824 3888 980 3948 dolorem?

176 3976 299 4035 AEnean
314 3980 462 4037 bominum
478 3982 633 4058 quisquam
647 3982 782 4041 divumve
797 3985 914 4063 subegit
1123 3982 1162 4043 65

176 4070 262 4127 Bella
276 4073 371 4147 sequi,
388 4082 437 4130 aut
452 4075 565 4133 hostem
579 4077 644 4154 regi
658 4096 691 4134 se
706 4077 814 4135 inferre
828 4078 937 4137 Latino
952 4076 963 4135 i

177 4161 295 4224 Italiam
309 4167 376 4225 setis
391 4170 473 4246 petiit
491 4173 673 4243 auctoribus,
690 4180 764 4243 esto,
