2692 5122
454 737 655 787 eucoulcs.
690 739 769 787 ECL.
793 739 838 787 Vl.

182 877 244 938 His
256 877 402 956 adjungit,
418 876 521 955 Hylan
534 889 634 936 naute
648 898 707 955 quo
721 878 801 937 sonte
815 876 954 939 relictum
1043 908 1046 914 ·
1159 908 1163 917 ·

183 971 386 1044 Clamfrssent,
402 982 434 1030 ut
445 973 538 1043 lutus,
558 979 579 1005 ‘⁸
591 972 685 1050 Hyla,
700 973 819 1050 Hyla,”
832 993 919 1033 omne
931 980 1063 1044 marat.

181 1062 233 1140 let,
247 1066 427 1125 fortunatam
440 1066 467 1124 si
479 1085 631 1144 nonquam
645 1077 781 1126 armenta
794 1067 928 1140 fuissent,
1128 1070 1170 1130 ὥ

144 1180 147 1185 ’
180 1158 351 1237 Pasiphaen
365 1159 445 1218 nivei
458 1161 572 1218 solatur
586 1179 686 1219 amore
695 1161 828 1236 juvenci.

180 1253 249 1312 Ah!
272 1239 357 1331 virgo
370 1253 482 1324 infelix,
498 1273 565 1329 qum
579 1265 609 1312 te
623 1253 772 1312 dementia
786 1254 864 1331 cepit
879 1257 886 1312 !

179 1346 330 1408 Proetides
343 1345 500 1423 implerunt
514 1347 597 1406 falsis
610 1349 772 1426 mugitibus
787 1368 876 1426 agros
889 1367 896 1406 :

182 1439 223 1500 At
235 1460 295 1498 uon
308 1449 368 1498 tam
381 1450 483 1517 turpes
497 1439 644 1517 pecudum
657 1451 757 1506 tamen
771 1441 832 1499 ulla
845 1451 950 1502 secuta
964 1451 1009 1503 est

180 1531 378 1603 Concubitus,
395 1533 528 1609 quamvis
541 1532 618 1590 collo
633 1518 778 1600 timuisset
792 1543 935 1608 aratrum,
1126 1539 1166 1596 50

178 1625 220 1684 Et
233 1625 313 1702 soepe
327 1625 358 1683 in
371 1625 430 1683 levi
444 1625 600 1702 quaesisset
618 1646 731 1685 cornua
745 1627 850 1688 fronte.

178 1720 248 1778 Ah!
270 1719 355 1796 virgo
368 1718 480 1789 infelix,
497 1727 527 1776 tu
543 1738 622 1776 nunc
635 1719 666 1777 in
681 1721 828 1778 montibus
842 1739 947 1779 erras:

178 1810 247 1884 Ille,
263 1813 340 1870 latus
353 1812 471 1869 niveum
485 1812 564 1870 molli
579 1811 670 1870 fultus
683 1813 854 1890 hyacintho,

178 1903 254 1964 llice
268 1907 322 1963 sub
337 1905 422 1983 nigra
437 1905 582 1982 pallentes
595 1906 723 1965 ruminat
737 1906 866 1977 herhas;

176 1999 239 2056 Aut
250 1999 379 2075 aliquam
390 1999 420 2057 in
430 2017 538 2076 magno
549 1999 684 2075 sequitur
693 2019 797 2078 grege.
814 2006 834 2033 ‘¹
844 2000 993 2076 Claudite,
1003 2001 1162 2082 Nympha,

176 2089 304 2150 Dictaea
318 2092 476 2169 Nymphae,
492 2111 645 2151 nemorum
653 2093 716 2168 jam
731 2093 860 2152 claudite
874 2095 969 2155 saltus
983 2114 993 2166 ς
1123 2098 1164 2157 56

177 2184 211 2242 Si
225 2186 283 2260 qud
297 2184 372 2242 forth
388 2185 483 2243 ferant
496 2185 592 2244 oculis
606 2203 674 2244 sese
688 2187 775 2244 obvia
788 2188 897 2246 nostris

175 2277 357 2336 Errabunda
371 2279 454 2336 bovis
468 2278 614 2356 vestigia:
637 2278 759 2337 forsitan
775 2279 866 2350 illum,

175 2371 239 2429 Aut
252 2369 347 2429 herhh
358 2380 477 2449 captum
491 2372 586 2443 viridi,
603 2381 653 2432 aut
667 2383 800 2430 armenta
813 2382 960 2444 secutum,

175 2463 347 2523 Perducant
357 2465 465 2541 aliquae
480 2466 598 2523 stabula
613 2465 650 2523 ad
664 2465 812 2541 Gortynia
827 2466 964 2524 vaccae.”
1124 2468 1163 2529 60

216 2556 295 2615 Tum
307 2559 386 2616 canit
401 2558 605 2635 Hesperidum
619 2558 754 2616 miratam
768 2557 846 2615 male
860 2558 986 2634 puellam
1002 2577 1009 2615 :

174 2649 255 2708 Tum
265 2650 517 2709 Phaethontiades
530 2671 633 2709 musco
647 2651 811 2709 circumdat
824 2670 933 2710 amarae

175 2742 318 2814 corticis,
335 2753 425 2821 atque
439 2745 503 2803 solo
518 2765 660 2822 proceras
674 2746 761 2823 erigit
776 2745 868 2805 alnos.

176 2835 254 2894 Tum
268 2837 348 2894 canit
362 2847 511 2896 errantem
524 2837 675 2896 Permessi
689 2838 727 2895 ad
740 2839 862 2896 flumina
875 2839 995 2900 Gallum

176 2930 279 2987 Aonas
293 2930 323 2987 in
337 2940 451 2988 montes
465 2941 497 2989 ut
510 2931 626 2989 duxerit
640 2951 700 2989 una
712 2952 846 2990 sororum
862 2951 869 2989 :
1119 2935 1159 2995 65

176 3021 274 3098 thue
289 3024 353 3081 viro
365 3023 472 3082 Phoebi
485 3025 594 3082 chorus
608 3026 804 3084 assurrexerit
819 3025 912 3084 omnis
925 3045 934 3096 ;

177 3113 216 3173 Ut
228 3116 324 3175 Linus
337 3116 403 3176 haec
416 3117 458 3176 illi
472 3118 569 3175 divino
583 3117 714 3176 carmine
729 3129 840 3195 pastor,

175 3206 315 3266 Floribus
329 3218 418 3285 atque
434 3210 501 3295 apio
514 3212 613 3268 crines
626 3221 748 3268 ornatus
762 3230 874 3283 amaro,

175 3300 313 3362 Dixerit:
339 3309 360 3335 “
370 3303 437 3362 Hos
451 3303 503 3360 tibi
517 3303 587 3361 dant
607 3304 749 3374 calamos,
765 3323 814 3374 en,
831 3304 946 3381 accipe,
961 3303 1069 3378 Musae,

176 3396 299 3454 Ascraeo
314 3416 388 3472 quos
402 3396 470 3454 ante
485 3397 549 3454 seni
565 3416 573 3464 ;
598 3397 705 3472 quibus
718 3396 767 3454 ille
782 3397 897 3454 solebat
1118 3398 1158 3458 '10

178 3489 333 3550 Cantando
348 3492 458 3571 rigidas
472 3491 621 3549 deducere
635 3492 783 3549 montibus
797 3511 895 3549 ornos.

176 3581 234 3641 His
248 3585 299 3642 tibi
311 3584 426 3661 Grynei
439 3584 568 3642 nemoris
582 3583 699 3641 dicatur
712 3583 797 3661 origo
809 3601 818 3652 ;

175 3675 222 3735 Ne
238 3678 304 3752 quis
317 3679 353 3734 sit
367 3678 464 3748 lucus,
482 3696 540 3753 quo
554 3696 586 3734 se
601 3677 666 3753 plue
675 3677 770 3752 jactet
784 3676 926 3754 Apollo.''

215 3769 295 3835 Quid
308 3770 423 3845 loquar,
441 3779 471 3827 ut
486 3770 616 3846 Scyllam
631 3769 707 3841 Nisi,
725 3790 812 3845 quam
828 3771 906 3828 fama
920 3778 1025 3829 secuta
1037 3779 1093 3845 est,

177 3861 312 3922 Candida
325 3864 508 3920 succinctam
523 3863 699 3920 latrantibus
713 3862 836 3940 inguina
848 3864 997 3936 monstris,
1117 3866 1155 3924 '15

173 3953 331 4014 Dulichias
345 3954 472 4014 vexisse
487 3967 576 4026 rates,
592 3965 621 4014 et
636 3956 754 4033 gurgite
767 3956 797 4012 in
811 3957 872 4014 alto

175 4049 221 4106 Ah
237 4052 244 4106 !
265 4049 382 4107 timidos
395 4058 501 4107 nautas
518 4049 642 4107 canibus
656 4048 808 4107 lacerhsse
822 4049 943 4108 marinis
957 4049 968 4107 ἓ

175 4142 244 4213 Aut,
261 4152 291 4200 ut
306 4151 434 4200 mutatos
446 4142 538 4200 Terei
552 4142 716 4200 narraverit
730 4151 833 4212 ortus3

176 4233 260 4302 Quas
274 4236 315 4293 illi
329 4235 493 4294 Philomela
505 4235 608 4312 dapes,
625 4254 691 4312 quae
706 4234 784 4294 dona
798 4235 910 4314 pererit
924 4255 934 4308 ;

176 4325 243 4398 Quo
256 4347 347 4386 cursu
362 4328 480 4386 deserta
490 4329 635 4405 petiverit,
652 4337 682 4386 et
697 4329 803 4405 quibus
817 4330 884 4389 ante
1117 4330 1156 4395 00

175 4419 280 4480 lnfelix
294 4441 350 4480 sua
362 4432 442 4480 tecta
457 4422 712 4498 supervolitaverit
727 4422 783 4480 alis
797 4423 807 4478 ?

211 4515 319 4574 Omnia
333 4535 411 4593 quae,
426 4515 541 4576 Phoebo
556 4515 704 4593 quondam
718 4517 888 4590 meditante,
903 4519 1009 4578 beatus
