2692 5122
231 394 284 451 146
507 386 533 432 r.
558 384 727 432 vrncrnu
751 383 925 433 uanours

226 525 391 603 Prospicio,
407 525 594 601 sonitumque
609 523 715 602 pedum
730 544 892 601 vocemque
906 523 1054 583 tremisco.

226 620 348 678 Victum
362 619 520 688 infelicem,
536 619 647 697 baccas
662 616 853 695 lapidosaque
869 637 971 689 corne,

226 713 309 773 Dant
324 713 409 782 rami,
426 721 455 769 et
469 711 561 769 vulsis
575 720 700 788 pascunt
714 710 865 768 radicibus
882 711 993 770 herbae.
1152 711 1213 769 650

227 806 336 866 Omnia
349 806 537 876 collustrans,
553 804 631 863 hanc
646 803 769 882 primirm
784 803 820 862 ad
834 804 934 862 littora
947 804 1074 863 classem

228 898 381 977 Conspexi
395 899 571 957 venientem.
613 897 697 957 Huic
710 917 768 969 me,
786 916 981 974 quaecumque
995 895 1110 968 suisset,

226 991 357 1051 Addixi:
380 991 452 1050 satis
466 1001 511 1049 est
525 999 644 1071 gentem
658 992 800 1071 effugisse
814 990 978 1049 nefandam.

228 1084 291 1142 Vos
306 1084 432 1143 animam
447 1084 524 1142 hanc
538 1084 634 1161 potiirs
649 1103 835 1161 quocumque
850 1084 996 1141 absumite
1010 1083 1079 1142 leto.

265 1177 325 1235 Vix
339 1197 377 1235 ea
391 1178 469 1235 satus
483 1186 558 1248 erat,
575 1194 688 1235 summo
704 1197 793 1254 quum
807 1185 906 1236 monte
920 1176 1054 1235 videmus
1151 1178 1212 1236 655

228 1269 328 1349 Ipsum
343 1272 419 1329 inter
434 1273 564 1349 pecudes
579 1270 664 1330 vostri
677 1291 709 1328 se
724 1271 801 1329 mole
814 1280 982 1329 moventem

225 1364 382 1424 Pastorem
395 1364 621 1442 Polyphemum,
637 1374 666 1422 et
681 1365 780 1422 littora
794 1373 863 1422 nota
880 1373 1029 1441 petentem
1041 1383 1050 1433 ;

225 1457 591 1527 Monstrumhorrendum,
600 1457 734 1529 informe,
743 1458 858 1536 ingens,
868 1459 1023 1516 cuilumen
1033 1457 1211 1537 ademptum.

225 1551 350 1610 Trunca
363 1571 452 1611 manu
466 1552 552 1630 pinus
565 1552 642 1630 regit
656 1560 685 1609 et
700 1552 826 1629 vestigia
840 1552 946 1611 firmat.

224 1644 386 1723 Lenigcrae
400 1646 577 1703 comitantur
590 1664 662 1703 oves
676 1664 684 1714 ;
707 1664 745 1704 ea
757 1645 822 1703 sola
835 1645 981 1722 voluptas,
1151 1648 1213 1709 660

226 1728 425 1815 solamenque
440 1739 517 1796 mali.

225 1830 388 1908 Postquam
401 1833 477 1890 altos
490 1832 587 1909 tetigit
601 1832 718 1902 fluctus,
735 1839 764 1888 et
778 1831 815 1889 ad
831 1850 952 1908 aequora
966 1831 1056 1904 venit,

225 1924 361 1984 Luminis
375 1925 474 1984 effossi
489 1925 610 1983 fluidum
623 1924 694 1984 lavit
709 1924 777 1982 inde
791 1944 939 1995 cruorem,

224 2018 375 2078 Dentibus
388 2019 559 2077 infrendens
573 2019 704 2097 gemitu3
728 2019 922 2096 graditurque
937 2037 1107 2096 persequor

225 2112 296 2173 dam
308 2113 446 2184 medium,
462 2112 590 2170 necdum
603 2112 712 2171 fluctus
726 2112 821 2171 latera
835 2112 928 2171 ardua
940 2112 1034 2172 tinxit.
1152 2112 1213 2173 665

226 2205 291 2265 Nos
306 2206 407 2282 procul
422 2206 489 2263 inde
504 2205 604 2283 sugam
617 2205 724 2283 trepidi
738 2194 883 2276 celerare,
898 2213 1020 2282 recepto

228 2299 377 2376 Supplice,
393 2299 437 2355 sic
452 2298 578 2368 meritd;
601 2300 743 2375 tacitique
759 2299 890 2357 incidere
905 2299 1023 2357 sunem:

226 2391 383 2448 Verrimus
398 2400 426 2448 et
442 2392 525 2467 proni
540 2393 724 2450 certantibus
738 2412 860 2468 aequora
872 2392 971 2451 remis.

226 2485 336 2556 Sensit,
353 2493 382 2542 et
396 2484 433 2541 ed
447 2485 575 2543 sonitum
590 2485 672 2543 vocis
687 2486 812 2563 vestigia
825 2484 919 2544 torsit.
975 2476 979 2481 ’
1011 2472 1026 2569 ¹⁸

225 2577 350 2648 Verum,
366 2579 415 2636 ubi
431 2579 512 2636 nulla
526 2579 614 2637 datur
627 2577 733 2637 dextri
746 2579 889 2637 affectare
904 2587 1045 2656 potestas,
1152 2582 1213 2640 670

226 2672 254 2730 N
257 2691 293 2729 ec
307 2673 383 2749 potis
398 2672 619 2753 Ioniospluctus
634 2691 753 2748 aequare
770 2672 933 2748 sequendo,

227 2765 398 2824 Clamorem
412 2766 585 2845 immensum
599 2766 684 2836 tollit,
702 2785 760 2842 quo
775 2775 880 2843 pontus
894 2774 924 2823 et
937 2783 1040 2825 omncs
1114 2804 1119 2813 ·

226 2857 411 2917 Intremuere
427 2859 524 2929 undar,
541 2859 717 2935 penitusque
732 2861 874 2917 exterrita
886 2859 975 2917 tellus

226 2933 332 3023 ltdi'ae,
349 2953 508 3030 curvisque
524 2952 667 3030 immugiit
682 2951 775 3010 AEtna
788 2954 934 3011 cavernis.
1034 2952 1047 2967 '

225 3049 266 3105 At
280 3066 376 3124 genus
390 3066 407 3103 e
422 3047 504 3104 silvis
519 3045 686 3123 Cyclopum
700 3054 730 3103 et
744 3047 891 3103 montibus
905 3046 972 3105 altis
1151 3044 1211 3105 675

225 3139 366 3197 Excitum
379 3139 436 3197 ruit
452 3139 489 3196 ad
504 3148 616 3216 portus,
632 3148 661 3197 et
675 3139 774 3197 littora
786 3140 943 3217 complent.

226 3231 387 3290 Cernimus
403 3231 555 3289 adstantes
569 3232 769 3308 nequidquam
784 3233 892 3290 lumine
906 3240 991 3291 torvo

225 3324 365 3382 AEtnaeos
380 3324 497 3394 iratres,
514 3325 592 3381 coelo
607 3325 704 3402 capita
719 3327 779 3383 alta
793 3326 933 3397 serentes,

226 3414 395 3477 Concilium
410 3416 589 3474 horrendum
603 3436 610 3485 ;
636 3419 740 3492 quales
755 3438 843 3495 quum
858 3418 969 3478 vertice
985 3417 1066 3478 celso

228 3507 327 3569 Aeriae
344 3528 473 3585 quercus
487 3516 538 3566 aut
552 3510 691 3568 coniferae
706 3512 852 3589 cyparissi
1149 3512 1211 3571 660

226 3600 443 3673 Constiterunt,
460 3603 535 3659 silva
549 3603 609 3660 alta
621 3603 642 3661 J
644 3604 716 3675 ovis,
734 3605 857 3662 lucusve
870 3605 993 3685 Dianas..
1008 3646 1014 3655 ·

224 3696 399 3774 Pracipites
413 3709 508 3755 rnetus
523 3717 595 3756 acer
609 3700 669 3777 agit
685 3699 872 3777 qudcumque
890 3701 1032 3760 rudentes

224 3790 387 3862 Excutere,
404 3800 434 3847 et
448 3792 542 3849 ventis
556 3793 709 3850 intendere
723 3795 790 3851 vela
803 3795 951 3854 secundis.

225 3882 351 3955 Contrd,
370 3884 457 3960 jussa
469 3895 588 3943 mouent
603 3886 714 3945 Heleni
729 3888 858 3965 Scyllam
873 3897 961 3965 atque
977 3886 1162 3968 Charybdim

226 3974 319 4053 Inter,
335 3987 491 4054 utramque
505 3979 583 4036 viem
597 3980 648 4037 leti
662 3980 830 4039 discrimine
849 4002 951 4059 parvo,
1151 3981 1212 4041 665

226 4070 267 4130 Ni
280 4080 401 4129 teneant
416 4091 542 4130 cursus:
564 4082 678 4131 certum
693 4083 737 4132 est
751 4075 823 4133 dare
838 4076 929 4133 lintea
942 4084 1033 4137 retro.

223 4164 308 4226 Ecce
323 4173 423 4225 eutem
436 4164 561 4240 Boreas,
578 4166 707 4247 angusti
721 4170 758 4228 ab
773 4170 845 4229 sede
858 4168 959 4229 Pelori
