2692 5122
506 773 680 822 AENBIDOS
699 774 768 821 ula.
784 775 829 821 vl.

181 911 219 971 Et
232 910 317 969 viridi
332 908 439 970 sedere
453 912 526 971 solo.
567 913 646 970 Tum
659 913 803 972 maximus
817 913 907 971 heros

181 1003 337 1064 Maternus
351 1005 487 1083 agnoscit
502 1026 584 1077 aves,
600 1006 745 1082 laetusque
765 1015 925 1083 precatur:

179 1098 251 1157 Este
265 1098 370 1168 duces,
387 1119 415 1169 o,
431 1099 457 1156 si
471 1118 531 1175 qna
546 1100 594 1157 via
608 1108 664 1170 est,
680 1119 860 1176 cursumque
875 1118 927 1176 per
941 1118 1031 1159 auras

179 1191 307 1269 Dirigite
322 1192 352 1250 in
367 1192 461 1264 lucos,
478 1194 529 1250 ubi
548 1194 687 1270 pinguem
701 1193 784 1250 dives
799 1202 907 1270 opacat
1108 1195 1163 1254 195

178 1283 293 1342 Remus
307 1285 438 1344 humum.
479 1286 599 1362 Tuque,
616 1307 644 1356 o,
662 1286 758 1343 dubiis
773 1305 809 1342 ne
824 1286 920 1345 defice
934 1288 1035 1359 rebus,

178 1376 256 1434 Diva
271 1397 390 1454 parens.
433 1378 482 1436 Sic
497 1379 614 1451 effatus,
631 1380 759 1457 vestigia
773 1380 891 1456 pressit,

179 1470 350 1529 Observans
367 1490 433 1546 quae
448 1472 535 1548 signa
550 1473 657 1545 ferant,
675 1472 734 1549 qud
748 1473 871 1531 tendere
886 1482 1021 1552 pergant.

177 1554 342 1622 Pascentes
356 1564 415 1622 illae
428 1566 542 1623 tuntum
557 1567 675 1643 prodire
690 1567 827 1638 volando,

178 1655 329 1724 Quantum
344 1659 410 1715 acie
425 1669 545 1736 possent
560 1661 638 1718 oculi
653 1680 774 1718 servare
789 1658 974 1736 sequentdm.

179 1747 264 1823 Inde,
280 1752 332 1810 ubi
346 1751 457 1810 vendre
473 1754 510 1810 ed
525 1753 627 1812 fauces
641 1755 843 1832 graveolentis
856 1755 980 1827 Averni,

177 1842 298 1902 Tollunt
313 1863 345 1904 se
359 1846 476 1904 celeres
492 1866 499 1914 ;
524 1846 726 1923 liquidumque
741 1868 794 1925 per
808 1851 879 1906 adra
892 1849 995 1926 lapsae,

178 1936 305 1996 Sedibus
319 1939 427 2015 optetis
449 1940 575 2017 geminae
590 1960 680 2017 super
694 1942 800 1999 arbore
815 1942 924 2014 sidunt,

177 2030 317 2090 Discolor
331 2033 409 2091 unde
424 2035 488 2091 auri
507 2054 560 2111 per
574 2054 672 2102 ramos
685 2054 759 2092 aura
773 2036 899 2095 refulsit«

177 2124 274 2193 Quale
290 2129 366 2185 solet
381 2128 462 2186 silvis
476 2130 602 2186 brumali
616 2129 727 2206 frigore
743 2131 855 2187 viscum

177 2219 295 2279 Fronde
311 2221 408 2280 virere
423 2221 511 2292 novi,
526 2223 603 2298 quod
621 2243 680 2281 non
694 2243 749 2281 sua
763 2225 888 2282 seminat
904 2226 1002 2298 arbos,

177 2310 216 2371 Et
229 2333 339 2372 croceo
354 2314 427 2372 foetu
441 2324 552 2372 teretes
566 2316 753 2373 circumdare
768 2325 890 2374 truncos
905 2335 913 2373 z

177 2403 260 2464 Talis
274 2415 338 2465 erat
352 2408 470 2484 species
484 2409 548 2466 auri
564 2409 727 2466 frondentis
742 2408 839 2485 opaci

178 2498 249 2558 llice
263 2521 271 2570 ;
297 2502 341 2559 sic
356 2502 416 2559 leni
430 2503 594 2579 crepitabat
611 2503 734 2559 bractea
749 2512 846 2560 vento.

176 2591 308 2671 Corripit
321 2595 441 2652 AEneas
456 2596 614 2672 extemplo,
631 2595 795 2670 avidusque
810 2595 945 2673 refringit

177 2684 387 2759 Cunctantem,
403 2697 432 2745 et
447 2689 524 2746 vatis
539 2696 635 2765 portat
649 2691 704 2746 sub
719 2697 800 2746 tecta
815 2689 945 2765 Sibyllae.

213 2779 280 2837 Nec
295 2780 392 2838 minus
406 2781 521 2838 interea
534 2781 684 2838 Misenum
699 2782 727 2838 in
742 2782 840 2839 littore
854 2781 967 2840 Teucri

176 2871 314 2942 Flebant,
330 2881 360 2930 et
374 2873 467 2931 cineri
482 2874 598 2951 ingrato
613 2894 751 2952 suprema
764 2874 910 2934 ferebant.

176 2963 326 3042 Principio
341 2966 479 3042 pinguem
498 2967 582 3024 taedis
596 2976 625 3024 et
640 2970 747 3025 robore
761 2976 844 3026 sec'to

176 3056 331 3137 ingentem
346 3058 481 3119 struxere
496 3081 621 3138 pyrem;
644 3063 693 3120 cui
712 3063 864 3121 frondibus
878 3063 951 3122 atris

178 3152 315 3213 intexunt
328 3156 433 3227 latera,
450 3165 479 3214 et
493 3157 601 3215 ferales
616 3159 683 3215 ante
700 3178 858 3235 cupressos

177 3245 379 3319 constituunt,
396 3249 595 3325 decorantque
611 3251 701 3328 super
716 3252 896 3329 fulgentibus
910 3252 1009 3312 armis.

178 3337 253 3398 Pars
267 3341 381 3399 calidos
395 3343 499 3400 latices
514 3352 543 3399 et
558 3343 655 3401 ahena
669 3345 810 3401 undantia
825 3344 949 3401 flammis

176 3431 355 3511 Expediunt,
372 3455 539 3512 corpusque
554 3436 653 3493 lavant
667 3437 800 3512 frigentis
815 3445 844 3491 et
859 3444 983 3512 ungunt.

174 3524 221 3586 Fit
236 3529 385 3606 gemitus:
406 3537 467 3586 tum
482 3530 614 3585 membra
628 3538 693 3585 toro
708 3529 816 3584 defleta
831 3536 987 3603 reponunt,

176 3617 405 3697 Purpureusque
422 3621 512 3698 super
526 3630 635 3692 vestes,
652 3622 800 3678 velamina
814 3630 895 3692 nota,

138 3699 143 3707 ⁸
177 3710 355 3788 conjiciunt.
397 3715 475 3773 Pars
490 3715 602 3792 ingenti
617 3712 735 3773 subiire
750 3714 870 3786 feretro,

176 3803 273 3863 Triste
288 3806 492 3879 ministerium,
509 3816 538 3865 et
552 3808 717 3883 subjectam
732 3828 812 3866 more
827 3806 983 3885 parentium

176 3896 282 3956 Aversi
297 3898 420 3958 tenuere
435 3902 541 3960 facem.
584 3901 740 3979 Congesta
754 3911 924 3960 cremantur

174 3988 297 4050 'l'luurea
311 3993 399 4063 dona,
416 3995 518 4071 dapes,
536 3996 601 4053 fuso
616 4005 750 4053 crateres
765 3997 852 4054 olivo.

175 4081 335 4161 Postquam
349 4088 472 4164 collapsi
487 4089 614 4159 cineres,
631 4099 660 4147 et
676 4091 792 4147 flemma
809 4090 929 4164 quievit,

176 4175 331 4254 Reliquias
345 4179 414 4236 vino
428 4189 457 4238 et
471 4182 602 4238 bibulam
616 4180 716 4241 lavere
732 4183 873 4254 favillam,

175 4268 310 4347 Ossaque
327 4272 407 4330 lecta
421 4275 497 4331 cado
511 4275 583 4332 texit
599 4275 766 4352 Corynaeus
780 4278 886 4336 abeno.

164 4361 254 4431 ,ldem
268 4375 315 4424 ter
329 4368 427 4425 socios
443 4368 517 4445 puri
531 4370 709 4428 circumtulit
723 4369 814 4442 undri,

174 4457 324 4538 Spargens
340 4481 407 4519 rore
422 4463 479 4520 levi
495 4471 524 4520 et
539 4483 621 4521 ramo
636 4465 730 4522 felicis
745 4466 841 4537 olivoe,

174 4547 384 4633 Lustravitque
400 4556 489 4626 viros,
506 4556 637 4635 dixitque
651 4559 811 4618 novissima
824 4561 925 4618 verba.

432 4654 466 4708 1⁵1
860 4669 879 4711 r
