2692 5122
513 769 694 825 AENEIDOS,
705 770 776 818 ΗΒ.
788 771 836 818 IX.
1111 776 1167 834 251

223 906 317 981 Dixit,
335 915 365 966 et
377 908 407 967 in
421 909 530 968 omium
544 909 665 986 paribus
679 928 712 968 se
726 910 844 969 sustulit
858 910 914 969 alis
927 929 936 981 ;

184 1001 403 1082 lugentemque
415 1001 488 1081 fugi
499 1003 596 1061 secuit
610 1004 666 1061 sub
680 1003 808 1061 nubibus
822 1023 933 1063 arcum.
1134 1003 1169 1062 16

183 1094 316 1175 Agnovit
326 1096 455 1172 juvenis,
470 1096 664 1174 duplicesque
680 1095 718 1154 ad
732 1097 833 1155 sidera
846 1097 959 1175 palmas
1005 1139 1007 1143 ν

185 1190 319 1261 Sustulit,
334 1199 364 1248 et
376 1190 429 1248 tali
443 1190 606 1269 fugientem
620 1199 666 1248 est
680 1210 755 1249 voce
769 1200 891 1249 secutus
906 1209 914 1248 :

184 1281 235 1356 Iri,
251 1283 345 1342 decus
359 1284 439 1356 cmii,
456 1285 523 1361 quis
535 1293 564 1342 te
579 1285 650 1342 mihi
663 1285 791 1343 nubibus
804 1295 903 1343 actam

183 1376 298 1436 Detulit
313 1377 347 1435 in·
356 1386 454 1436 terras
469 1378 480 1434 ἰ
503 1377 580 1438 unde
595 1378 660 1438 hec
673 1387 734 1437 tem
747 1379 830 1437 clare
847 1377 971 1456 repente
1063 1413 1069 1423 ·

184 1469 362 1548 Tempestas
377 1470 388 1527 Ρ
410 1470 539 1530 medium
553 1471 639 1530 video
653 1471 808 1530 discedere
823 1472 944 1543 coelum,

183 1563 382 1643 Palantesque
397 1567 464 1643 polo
477 1567 590 1625 stellas.
633 1567 750 1642 Sequor
763 1567 862 1624 omina
875 1574 969 1637 tanta,

185 1657 329 1736 Quisquis
342 1660 372 1718 in
386 1679 471 1718 arma
484 1679 584 1719 vocas.
625 1660 665 1718 Et
680 1661 725 1719 sic
739 1659 846 1717 effatus
861 1658 899 1716 ed
913 1657 1021 1717 undam

182 1750 345 1824 Processit,
361 1772 535 1830 summoque
549 1754 648 1812 hausit
662 1753 698 1810 de
713 1753 831 1832 gurgite
847 1752 993 1830 lymphas,

183 1843 282 1905 Multa
294 1846 366 1905 deos
380 1866 471 1905 orans
484 1866 492 1916 ;
516 1847 709 1923 oneravitque
724 1847 838 1905 oethera
851 1846 936 1905 votis.

217 1939 348 2018 Jamque
362 1941 458 1998 omnis
473 1941 584 2017 campis
599 1941 749 1998 exercitus
763 1941 825 1998 ibat
840 1940 960 2018 apertis,

180 2032 275 2093 Dives
288 2030 408 2110 equits,
424 2034 507 2092 dives
522 2035 613 2110 pictai·
627 2035 718 2093 vestis
731 2043 761 2092 et
775 2034 856 2093 auri.

181 2125 340 2205 Messnpus
354 2128 463 2205 primas
477 2128 570 2199 acies,
587 2141 736 2205 postrema
750 2129 892 2187 coercent

181 2220 336 2299 Tyrrhidae
347 2222 483 2298 juvenes,
499 2222 597 2279 medio
610 2221 669 2280 dux
683 2221 801 2298 agmine
818 2221 961 2280 Turnus:

183 2313 331 2393 [Vertitur
344 2335 427 2374 arma
439 2323 556 2386 tenens,
572 2324 602 2373 et
616 2324 678 2373 toto
692 2315 804 2373 vertice
819 2313 909 2392 sopri
923 2314 994 2392 cst]

181 2407 258 2480 Ceu,
275 2417 388 2486 septem
402 2427 530 2486 surgens
544 2408 656 2465 sedatis
670 2408 817 2479 amnibus,
832 2409 910 2466 altus

179 2502 238 2563 Per
251 2505 374 2563 tacitum
387 2503 523 2581 Ganges,
540 2511 591 2560 eut
606 2503 708 2580 pingui
722 2502 842 2560 flumine
857 2502 956 2573 Nilus,

181 2596 281 2666 Quum
294 2598 393 2655 refluit
408 2596 531 2673 campis,
548 2595 650 2671 etjam
664 2615 697 2654 se
712 2595 841 2654 condidit
856 2595 952 2654 alveo.

179 2690 241 2750 Hic
256 2692 383 2749 subitam
398 2691 484 2767 nigro
499 2690 659 2768 glomerari
674 2690 797 2766 pulvere
812 2691 921 2747 nubem

177 2783 365 2861 Prospiciunt
379 2784 503 2854 Teucri,
521 2803 556 2841 ac
569 2785 711 2841 tenebras
726 2783 882 2861 insurgere
897 2781 1023 2860 campis.

178 2877 296 2937 Primus
310 2880 347 2936 nb
363 2876 489 2937 adversi
503 2878 670 2935 conclamat
685 2878 762 2935 mole
776 2877 893 2937 Caicus
908 2896 914 2934 :

179 2971 255 3040 Quis
268 2974 386 3050 globus,
403 2991 421 3028 o
435 2972 526 3041 cives,
541 2972 670 3049 caligine
685 2971 812 3029 volvitur
825 2970 894 3030 atri
908 2973 915 3028 !

178 3065 268 3126 Ferte
283 3067 333 3125 citi
348 3067 468 3138 ferrum,
485 3066 553 3124 date
564 3067 635 3138 tels,
652 3067 787 3124 scandite
801 3086 902 3124 muros
918 3085 926 3136 ;

178 3159 283 3219 Hostis
298 3160 393 3230 adest,
410 3160 475 3217 eia!
498 3159 615 3238 Ingenti
630 3160 760 3218 clamore
776 3178 829 3236 per
842 3178 946 3218 omncs

179 3252 319 3314 Condunt
331 3273 363 3311 se
377 3253 491 3311 Teucri
505 3263 617 3330 portas,
633 3262 663 3310 et
672 3253 782 3311 moenie
796 3254 955 3330 complent.

178 3345 316 3424 Namque
330 3348 372 3404 ita
385 3346 542 3404 discedens
557 3356 741 3423 praeceperat
756 3347 882 3422 optimus
897 3345 988 3404 armis

178 3439 296 3498 AEneas
312 3459 318 3496 :
342 3440 367 3497 si
381 3459 440 3516 qua
454 3439 570 3496 interea
585 3427 703 3495 fortuna
717 3438 832 3508 suisset,

179 3533 245 3592 Neu
260 3542 376 3592 struere
386 3531 536 3591 ¹auderent
551 3531 657 3601 aciem,
673 3550 732 3588 neu
747 3531 872 3588 credere
887 3548 993 3608 campo
1009 3549 1017 3599 ;

180 3627 290 3688 Castra
303 3628 390 3686 modd
405 3635 434 3685 et
447 3635 528 3684 tutos
542 3635 698 3683 servarent
712 3642 824 3702 aggere
839 3644 948 3686 muros.

179 3720 272 3801 Ergo,
289 3723 345 3780 etsi
360 3721 497 3780 conferre
512 3739 631 3777 manum
646 3719 741 3796 pudor
754 3719 857 3796 iraque
873 3728 1028 3794 monstrat,

179 3815 330 3892 Objiciunt
344 3824 445 3893 portes
458 3824 569 3885 tamen,
586 3821 615 3871 et
630 3822 781 3890 precepta
795 3813 957 3885 fecessunt,

178 3907 356 3985 Armatique
370 3910 453 3968 cavis
468 3915 642 3987 exspectent
655 3909 788 3967 turribus
801 3910 925 3969 hostem.

177 4001 309 4073 Turnus,
328 4011 358 4061 ut
373 4003 441 4060 ante
457 4004 559 4061 volans
572 4003 690 4060 tardum
704 4013 902 4079 precesserat
916 4021 1035 4082 agmen,

177 4093 293 4174 Viginti
307 4097 392 4154 lectis
407 4098 539 4173 equitum
553 4097 721 4167 comitatus,
738 4105 767 4154 et
783 4096 849 4154 urbi

177 4187 358 4266 Improvisus
373 4190 457 4249 adest
474 4211 481 4261 ;
506 4190 631 4248 maculis
647 4209 734 4266 quem
748 4189 899 4247 Thracius
914 4190 990 4251 albis

176 4280 280 4356 Portet
294 4303 401 4360 equus,
417 4284 568 4361 cristaque
583 4285 657 4363 tegit
671 4284 761 4361 galea
774 4302 868 4341 suren
881 4281 984 4343 rubri.
1124 4283 1165 4343 50

175 4374 292 4454 Ecquis
306 4378 362 4436 erit
377 4397 502 4450 mecum,
515 4379 643 4455 juvenes
660 4377 671 4433 ?
694 4378 744 4455 qui
759 4378 870 4455 primus
884 4378 914 4435 in
928 4378 1044 4436 hostem
1059 4376 1071 4434 i

174 4467 234 4541 En,
251 4471 302 4531 ait.
346 4472 385 4530 Et
395 4471 529 4548 jaculum
542 4480 716 4548 attorquens
731 4472 836 4531 emittit
850 4472 880 4531 in
894 4490 995 4545 auras,

173 4560 360 4645 Principium
372 4584 491 4646 pugnis,
507 4573 537 4625 at
550 4585 656 4644 cumpo
670 4583 738 4624 sese
752 4565 866 4624 arduus
878 4564 975 4624 infert.
