2692 5122
481 768 655 817 AErtmnos
675 769 744 816 ma.
760 770 805 816 lv.

153 907 224 966 Sita
238 905 321 965 nulla
335 913 432 964 moret
445 914 595 966 tantarum
608 909 704 986 gloria
719 927 827 980 rerum,

152 1000 216 1060 Nec
230 1019 323 1078 super
337 1001 399 1078 ipse
413 999 466 1059 tud
479 1002 591 1060 moliris
606 1002 692 1060 laude
708 1002 837 1060 laborem
851 1021 860 1071 ;

152 1093 317 1153 Ascanium
331 1103 502 1173 surgentem
517 1105 546 1153 et
560 1115 628 1172 spes
642 1094 770 1154 haeradis
784 1095 842 1154 luli

152 1186 294 1264 Respice,
310 1186 361 1246 cui
374 1206 498 1265 regnum
513 1187 608 1246 Italira
623 1188 818 1265 Romanaque
831 1188 919 1247 tellus
1077 1187 1138 1247 075

151 1280 318 1339 Debentur.
360 1280 430 1339 Tali
443 1280 601 1357 Cyllenius
615 1300 666 1339 ore
680 1282 798 1340 locutus

152 1374 297 1434 Mortales
310 1375 391 1434 visus
404 1375 501 1434 medio
515 1395 651 1434 sermone
663 1377 793 1452 reliquit,

151 1469 192 1527 Et
206 1469 310 1546 procul
324 1469 354 1527 ia
368 1478 487 1528 tenuem
502 1488 538 1526 ex
553 1470 648 1528 oculis
662 1471 780 1527 evanuit
797 1487 911 1528 auram.

190 1563 231 1621 At
246 1562 317 1621 rerd
331 1562 452 1621 AEneaa
467 1562 609 1640 adspectu
623 1563 767 1620 obmutuit
782 1582 884 1621 sarens
899 1580 908 1632 ;

152 1657 350 1734 Arrectaeque
364 1657 486 1715 horrore
501 1676 604 1728 comae,
621 1664 650 1714 et
665 1677 721 1715 vox
735 1657 871 1715 saucibus
884 1654 979 1716 hesit.
1078 1655 1138 1715 aad
1161 1648 1168 1658 ’

152 1749 247 1808 Ardet
262 1751 345 1808 abire
359 1748 442 1828 lugd,
459 1750 622 1826 dulcesque
636 1750 804 1825 relinquere
819 1759 926 1821 terras,

152 1844 305 1901 Attonitus
318 1851 402 1901 tanto
416 1843 526 1902 monitu
541 1842 723 1920 imperioque
736 1830 869 1902 deorum.

152 1934 226 1994 Heu
240 1939 247 1993 !
270 1935 340 2012 quid
354 1944 424 2014 agat
438 1934 449 1990 ?
471 1956 530 2012 quo
543 1955 622 1994 nunc
636 1935 770 2013 reginam
785 1935 898 1995 ambire
912 1934 1059 1995 furentem

152 2029 273 2087 Audeat
287 2029 378 2087 affatu
393 2029 404 2085 ἰ
425 2049 491 2107 quae
506 2030 599 2106 prima
612 2029 734 2087 exordia
747 2040 843 2087 sumat
857 2029 868 2084 ?

152 2123 253 2199 Atque
269 2123 397 2181 animum
411 2143 489 2182 nunc
503 2125 562 2182 huc
577 2124 717 2195 celerem,
733 2143 811 2182 nuuc
825 2122 928 2181 dividit
941 2122 1023 2194 illuc,
1079 2121 1139 2181 285

154 2215 191 2275 Ia
204 2225 364 2296 partesque
378 2218 453 2297 rapit
467 2219 577 2289 varias,
595 2237 707 2296 perque
721 2217 819 2276 omnia
833 2224 944 2278 versat.

153 2309 233 2369 Haec
247 2311 406 2370 alternanti
420 2312 515 2389 potior
528 2312 677 2369 sententia
690 2310 755 2367 visa
767 2318 823 2368 est.

153 2403 324 2476 Mnesthea,
341 2406 572 2483 Sergestumque
587 2412 684 2474 vocat,
701 2404 865 2478 sortemque
880 2400 1062 2462 Cloanthum
1075 2419 1082 2469 ;

154 2495 295 2557 Classem
308 2506 409 2575 aptent
423 2497 517 2567 taciti,
533 2496 631 2554 socios
646 2496 684 2553 ad
697 2496 796 2553 littora
810 2501 929 2572 cogant,

154 2591 247 2649 Arma
261 2599 374 2667 parent,
391 2599 420 2647 et
436 2609 502 2666 quae
517 2589 554 2648 sit
568 2591 659 2647 rebus
672 2607 767 2646 causa
781 2586 923 2645 novandis
1080 2585 1141 2643 290

74 2686 78 2691 '
154 2681 348 2740 Dissimulent
363 2702 369 2738 :
392 2702 459 2740 sese
474 2683 599 2752 interea,
617 2682 734 2759 quando
749 2681 858 2758 optima
872 2679 951 2738 Dido

154 2776 290 2848 Nesciat,
306 2786 335 2834 et
349 2786 446 2835 tantos
459 2778 554 2854 rumpi
569 2796 627 2835 non
642 2786 741 2854 speret
755 2794 881 2846 amores,

154 2868 352 2929 Teutaturum
366 2870 473 2941 aditus,
490 2878 519 2927 et
537 2890 602 2946 quae
617 2870 787 2928 mollissima
801 2869 882 2927 sandi

155 2962 316 3040 Tempora,
334 2963 399 3039 quia
413 2965 503 3023 rebus
517 2963 621 3021 dexter
635 2964 748 3023 modus.
790 2962 883 3022 Ocius
896 2981 1000 3021 omnes

156 3054 285 3135 Imperio
299 3058 360 3115 laeti
375 3065 489 3135 parent,
506 3077 542 3115 ac
559 3058 646 3133 jussa
660 3057 820 3117 lacessunt.
1081 3054 1142 3113 295

194 3157 234 3212 At
249 3155 353 3232 regins
367 3154 450 3212 dolos
464 3154 545 3232 (quis
560 3154 662 3213 fallere
678 3154 768 3231 possit
783 3165 931 3213 amantem
944 3153 967 3232 l)

155 3247 329 3319 Prarsensit,
345 3257 500 3325 motusque
514 3248 630 3325 excepit
645 3248 739 3324 prima
752 3247 877 3319 futuros,

156 3340 265 3400 Omnia
278 3349 342 3399 tuta
355 3342 469 3401 timens.
512 3341 626 3400 Eadem
642 3341 730 3416 impia
743 3340 838 3397 Fama
851 3338 961 3396 furenti

155 3432 273 3492 Detulit
288 3437 396 3493 armari
412 3436 549 3504 classem,
566 3451 745 3507 cursumque
760 3431 869 3507 parari.

157 3526 249 3587 Saevit
263 3529 347 3607 inops
362 3529 462 3598 animi,
479 3536 631 3601 totamque
646 3526 769 3583 incensa
783 3543 836 3600 per
851 3524 954 3583 urbem
1085 3525 1145 3583 000

157 3620 348 3679 Bacchatur:
372 3621 468 3698 qualis
481 3621 635 3678 commotis
649 3619 747 3676 excita
761 3616 856 3674 sacris

157 3715 283 3791 Thyias,
300 3716 350 3773 ubi
364 3716 464 3773 audito
479 3714 630 3772 stimulant
643 3712 795 3771 trieterica
808 3710 931 3769 Baccho

158 3807 263 3887 Orgia,
279 3818 503 3886 nocturnusque
517 3817 604 3866 vocat
619 3808 748 3865 clamore
764 3805 926 3866 Cithoeron.

158 3900 295 3960 Tandem
308 3902 354 3961 his
368 3904 491 3962 AEnean
505 3902 664 3980 compellat
678 3902 801 3958 vocibus
815 3900 911 3957 ultro:

196 3994 396 4055 Dissimulare
411 3998 500 4055 etiam
514 3994 652 4074 sperasti,
670 3994 793 4072 perllde,
808 4002 921 4052 tantum
1086 3992 1146 4050 305

158 4088 254 4147 Posse
268 4090 363 4162 nasas,
378 4091 546 4166 tacitusque
561 4087 629 4147 mea
641 4088 789 4146 decedere
803 4087 910 4147 terrai?

159 4181 270 4241 Necte
285 4191 385 4242 noster
398 4202 490 4253 amor,
507 4201 564 4241 nec
576 4191 605 4240 te
620 4181 690 4240 data
704 4182 827 4239 dextera
842 4180 999 4259 quondam,

160 4273 228 4333 Nec
242 4278 385 4333 moritura
399 4284 480 4334 tenet
495 4275 609 4334 crudeli
622 4274 726 4333 sunere
741 4275 820 4332 Dido
835 4275 846 4331 ἲ

160 4367 243 4435 Quin
257 4370 346 4426 etiam
360 4369 484 4428 hiberno
499 4369 610 4427 moliris
625 4368 722 4427 sidere
737 4369 875 4440 classem,

158 4461 201 4520 Et
215 4461 320 4521 mediis
334 4481 476 4540 properas
489 4462 688 4540 Aquilonibus
701 4462 745 4519 ire
760 4481 813 4539 per
827 4462 928 4532 altum,
1089 4459 1149 4519 010

160 4553 304 4614 Crudelis
318 4554 329 4611 l
371 4555 476 4624 Quid?
498 4556 523 4616 si
537 4576 596 4615 non
610 4574 683 4615 arva
696 4554 795 4612 aliena
808 4554 970 4631 domosque
1070 4556 1071 4559 ’
