2692 5122
184 414 238 472 1⁸18
467 407 493 454 Ρ.
512 406 677 452 VlRGlLll
699 405 870 454 Maaonts

181 547 340 625 Accipiunt
354 565 362 615 ;
386 546 514 624 palmam
527 545 647 602 Entello
659 553 837 621 taurumque
851 543 1031 619 relinquunt.

179 640 245 711 Hic
259 641 362 710 victor,
378 658 524 716 superans
539 639 653 708 animis,
669 646 814 714 tauroque
829 637 996 713 superbus:

181 733 261 794 Nate
275 731 342 803 det,
359 751 471 808 vosque
486 733 561 802 hare,
578 731 683 808 inquit,
700 731 882 808 cognoscite,
897 729 1021 801 Teucri,

180 826 222 884 Et
235 825 306 883 mihi
321 845 386 901 quat
402 826 509 883 suerint
526 826 660 900 juvencli
675 825 704 881 in
719 843 843 900 corpore
858 823 947 893 vires,
1105 824 1166 883 ato

181 919 221 977 Et
237 918 296 994 qud
310 919 436 976 servetis
450 927 622 976 revocatum
637 938 655 975 a
669 927 762 975 morte
776 917 901 975 Dareta.

180 1011 275 1082 Dixit,
292 1021 321 1069 et
336 1012 453 1069 adversi
468 1020 573 1069 contra
586 1012 666 1070 stetit
683 1030 737 1070 ora
752 1011 886 1086 juvenci,

182 1104 244 1172 Qui
262 1105 371 1162 donum
384 1105 521 1162 adstabat
535 1124 643 1183 pugnae
659 1125 667 1174 ;
691 1105 840 1180 durosque
855 1102 978 1162 reductd

180 1197 316 1257 Libravit
330 1197 436 1256 dextris
453 1199 551 1256 media
567 1199 643 1257 inter
656 1217 768 1256 cornua
781 1206 891 1255 caestus

180 1290 313 1362 Arduus,
330 1293 513 1368 effractoque
528 1292 607 1349 illisit
626 1293 655 1349 in
669 1311 738 1349 oasa
754 1292 888 1349 cerebro.
1105 1290 1165 1349 tao

182 1385 338 1456 Sternitur,
355 1386 558 1462 exanimisque
572 1394 703 1443 tremens
717 1385 880 1462 procumbit
894 1383 976 1442 humi
988 1383 1053 1442 boa.

181 1476 236 1535 Ille
251 1478 341 1554 super
354 1479 430 1535 tales
444 1479 567 1535 effundit
582 1488 701 1555 pectore
717 1497 807 1536 voces
822 1496 829 1534 :

179 1569 272 1628 Hauc
285 1572 349 1641 tibi,
365 1572 460 1647 Eryx,
477 1572 629 1628 meliorem
647 1572 775 1629 animam
789 1590 843 1648 pro
856 1578 949 1628 morte
963 1568 1086 1629 Daretis

179 1662 323 1722 Persolvo
338 1684 345 1720 ε
368 1663 416 1723 hic
431 1665 526 1723 victor
540 1673 650 1721 castus
664 1673 817 1740 artemque
832 1682 952 1741 repono.

218 1756 366 1815 Protenus
380 1758 500 1815 AEneas
514 1758 606 1815 celeri
620 1767 738 1815 certare
753 1756 864 1834 sagitta
1105 1754 1164 1815 485

180 1850 289 1908 Invitat
305 1851 354 1926 qui
374 1850 448 1907 sorte
463 1851 564 1920 velint,
581 1860 609 1907 et
629 1851 748 1928 praemia
769 1851 869 1927 ponit:

180 1941 357 2021 ingentique
372 1961 461 2001 manu
480 1945 591 2001 malum
605 1944 641 2001 de
656 1963 732 2002 nave
748 1944 860 2001 Seresti

179 2035 278 2114 Erigit
292 2055 300 2104 ;
324 2045 353 2093 et
368 2036 519 2093 volucrem
533 2037 658 2112 trajecto
672 2038 702 2095 in
717 2037 785 2095 sune
801 2037 976 2105 columbam,

180 2128 250 2196 Qut
265 2129 387 2187 tendant
401 2130 522 2201 serrum,
539 2130 615 2188 malo
630 2131 782 2207 suspendit
796 2132 834 2188 ab
848 2131 918 2189 alto.

180 2221 360 2282 Convenere
375 2224 440 2294 viri,
457 2224 662 2300 dejectamque
678 2244 758 2283 aerea
771 2232 882 2282 sortem

179 2315 305 2392 Accepit
322 2315 410 2394 galea
422 2336 429 2384 ;
454 2325 483 2373 et
497 2317 609 2394 primus
622 2319 753 2375 clamore
766 2317 899 2375 secundo

180 2409 356 2486 Hyrtacidae
372 2421 440 2469 ante
454 2431 557 2469 omnes
571 2413 630 2469 exit
644 2413 728 2470 locus
743 2413 960 2490 Hippocoontis
974 2430 982 2482 3

180 2500 279 2568 Quem
292 2503 377 2575 mpdd
393 2506 491 2561 navali
510 2505 686 2563 Mnestheus
701 2507 863 2564 certamine
878 2507 973 2564 victor

180 2593 392 2671 Consequitur,
411 2597 496 2654 viridi
509 2597 685 2656 Mnestheus
699 2601 834 2657 evinctus
847 2598 936 2658 olivi.

179 2686 301 2745 Tertius
316 2689 472 2765 Eurytion,
493 2699 572 2761 tuus,
590 2712 608 2748 o
622 2693 797 2763 clarissime,
814 2694 917 2765 srater,

179 2779 327 2852 Pandare,
345 2783 395 2858 qui
410 2784 567 2859 quondam,
586 2787 688 2860 jussus
703 2786 885 2844 confundere
899 2785 1006 2858 soedus,

180 2871 215 2931 In
229 2874 341 2932 medios
355 2876 446 2933 telum
459 2877 571 2934 torsisti
586 2880 696 2954 primus
712 2880 851 2939 Achivos.

178 2965 338 3024 Extremus
352 2968 500 3046 galeaque
515 2969 574 3028 ima
588 2972 711 3029 subsidit
726 2974 853 3030 Acestes
868 2992 876 3042 ;

178 3059 279 3117 Ausus
294 3069 322 3116 et
338 3061 400 3136 ipse
414 3082 502 3119 manu
520 3064 663 3138 juvenum
677 3073 791 3122 tentare
806 3065 947 3125 laborent.

177 3151 256 3209 Tum
270 3153 375 3211 validis
389 3155 481 3213 flexos
495 3157 651 3215 incurvant
666 3158 777 3215 viribus
791 3177 880 3215 arcus

178 3243 238 3301 Pro
252 3264 284 3301 se
300 3247 424 3322 quisque
442 3249 504 3319 viri,
522 3258 551 3306 et
566 3250 740 3327 depromunt
753 3252 814 3308 tela
828 3251 983 3328 pharetris.

178 3335 336 3413 Primaque
352 3358 405 3414 per
418 3342 527 3398 coelum
542 3362 633 3399 nervo
647 3344 788 3401 stridente
803 3344 912 3421 sagitta

178 3427 354 3505 Hyrtacidae
371 3431 489 3505 juvenis
504 3434 641 3492 volucres
656 3436 824 3494 diverberat
839 3455 940 3507 auras,

177 3521 218 3579 Et
233 3523 322 3592 vonit,
340 3524 516 3600 adversique
532 3527 663 3605 infigitur
677 3532 782 3587 arbore
797 3529 875 3587 mali.

178 3613 332 3673 Intremuit
352 3616 457 3688 malus,
474 3619 629 3696 timuitque
644 3625 786 3680 exterrita
800 3621 904 3699 pennis

177 3707 261 3779 Ales,
277 3716 306 3766 et
321 3708 432 3786 ingenti
447 3723 608 3771 sonuerunt
622 3716 720 3773 omnia
734 3717 866 3793 plausu„

93 3814 101 3821 ·
176 3799 249 3859 Post
264 3820 335 3859 acer
348 3803 525 3863 Mnestheus
539 3808 667 3866 adducto
682 3811 811 3867 constitit
826 3794 911 3880 ahcu,

176 3893 247 3951 Alta
262 3908 364 3971 petens
378 3916 385 3964 3
409 3899 579 3975 pariterque
593 3903 696 3960 oculos
709 3904 859 3979 telumque
873 3902 997 3961 tetendit
1012 3921 1020 3961 t

175 3986 232 4043 Ast
253 3987 344 4064 ipsam
359 3990 542 4049 miserandus
557 4013 640 4052 avem
656 3997 828 4073 contingere
843 3996 922 4054 ferro

175 4076 244 4138 Non
259 4081 350 4138 valuit
366 4102 374 4151 3
400 4084 491 4142 nodos
506 4094 534 4142 et
550 4087 668 4145 vincula
686 4090 765 4146 linea
784 4090 872 4166 rupit,

176 4171 271 4239 Queis
285 4174 393 4234 innexa
406 4177 511 4254 pedem
525 4181 601 4239 malo
616 4182 762 4259 pendebat
777 4185 814 4240 ab
830 4183 899 4242 alto.
