<?xml version="1.0" encoding="UTF-8"?>
<!DOCTYPE html PUBLIC "-//W3C//DTD XHTML 1.0 Transitional//EN"
    "http://www.w3.org/TR/xhtml1/DTD/xhtml1-transitional.dtd">
<html xmlns="http://www.w3.org/1999/xhtml" xml:lang="en" lang="en">
 <head>
  <title>
</title>
<meta http-equiv="Content-Type" content="text/html;charset=utf-8" />
  <meta name='ocr-system' content='tesseract 3.04.00' />
  <meta name='ocr-capabilities' content='ocr_page ocr_carea ocr_par ocr_line ocrx_word'/>
</head>
<body>
  <div class='ocr_page' id='page_1' title='image "./pvirgiliimaroni00bowegoog/pvirgiliimaroni00bowegoog_0243.png"; bbox 0 0 2692 5122; ppageno 0'>
   <div class='ocr_carea' id='block_1_1' title="bbox 187 370 880 437">
    <p class='ocr_par' dir='ltr' id='par_1_1' title="bbox 187 370 880 437">
     <span class='ocr_line' id='line_1_1' title="bbox 187 370 880 437; baseline 0.007 -23"><span class='ocrx_word' id='word_1_1' title='bbox 187 378 247 437; x_wconf 55' lang='grc' dir='ltr'><strong>ω,</strong></span> <span class='ocrx_word' id='word_1_2' title='bbox 473 371 500 418; x_wconf 87' lang='lat' dir='ltr'><strong>r.</strong></span> <span class='ocrx_word' id='word_1_3' title='bbox 519 370 686 419; x_wconf 79' lang='lat' dir='ltr'><strong>vinorum</strong></span> <span class='ocrx_word' id='word_1_4' title='bbox 705 370 880 421; x_wconf 75' lang='lat' dir='ltr'><strong>ursonis</strong></span> 
     </span>
    </p>
   </div>
   <div class='ocr_carea' id='block_1_2' title="bbox 518 787 933 879">
    <p class='ocr_par' dir='ltr' id='par_1_2' title="bbox 518 787 933 879">
     <span class='ocr_line' id='line_1_2' title="bbox 518 787 933 879; baseline 0.002 -17"><span class='ocrx_word' id='word_1_5' title='bbox 518 787 851 863; x_wconf 81' lang='lat' dir='ltr'><strong>AENEIDOS</strong></span> <span class='ocrx_word' id='word_1_6' title='bbox 930 874 933 879; x_wconf 45' lang='grc'><strong>,</strong></span> 
     </span>
    </p>
   </div>
   <div class='ocr_carea' id='block_1_3' title="bbox 549 995 803 1057">
    <p class='ocr_par' dir='ltr' id='par_1_3' title="bbox 549 995 803 1057">
     <span class='ocr_line' id='line_1_3' title="bbox 549 995 803 1057; baseline 0.008 -2"><span class='ocrx_word' id='word_1_7' title='bbox 549 995 702 1056; x_wconf 83' lang='lat' dir='ltr'><strong>LIBER</strong></span> <span class='ocrx_word' id='word_1_8' title='bbox 714 995 803 1057; x_wconf 86' lang='lat' dir='ltr'><strong>VIII.</strong></span> 
     </span>
    </p>
   </div>
   <div class='ocr_carea' id='block_1_4' title="bbox 175 1345 1164 4216">
    <p class='ocr_par' dir='ltr' id='par_1_4' title="bbox 175 1345 1164 4216">
     <span class='ocr_line' id='line_1_4' title="bbox 186 1345 881 1424; baseline 0.001 -20"><span class='ocrx_word' id='word_1_9' title='bbox 186 1346 233 1405; x_wconf 89' lang='lat' dir='ltr'><strong>Ur</strong></span> <span class='ocrx_word' id='word_1_10' title='bbox 247 1345 317 1404; x_wconf 91' lang='lat' dir='ltr'><strong>belli</strong></span> <span class='ocrx_word' id='word_1_11' title='bbox 330 1345 447 1424; x_wconf 81' lang='lat' dir='ltr'><strong>signum</strong></span> <span class='ocrx_word' id='word_1_12' title='bbox 461 1346 608 1405; x_wconf 76' lang='lat' dir='ltr'><strong>Laurenti</strong></span> <span class='ocrx_word' id='word_1_13' title='bbox 620 1346 743 1404; x_wconf 86' lang='lat' dir='ltr'><strong>Turnus</strong></span> <span class='ocrx_word' id='word_1_14' title='bbox 757 1347 795 1404; x_wconf 85' lang='lat' dir='ltr'><strong>ab</strong></span> <span class='ocrx_word' id='word_1_15' title='bbox 809 1365 881 1405; x_wconf 87' lang='lat' dir='ltr'><strong>arce</strong></span> 
     </span>
     <span class='ocr_line' id='line_1_5' title="bbox 184 1440 907 1516; baseline -0.001 -17"><span class='ocrx_word' id='word_1_16' title='bbox 184 1440 309 1511; x_wconf 79' lang='lat' dir='ltr'>Extulit,</span> <span class='ocrx_word' id='word_1_17' title='bbox 325 1447 355 1497; x_wconf 93' lang='lat' dir='ltr'><strong>et</strong></span> <span class='ocrx_word' id='word_1_18' title='bbox 368 1458 462 1497; x_wconf 87' lang='lat' dir='ltr'><strong>rauco</strong></span> <span class='ocrx_word' id='word_1_19' title='bbox 477 1446 666 1516; x_wconf 81' lang='lat' dir='ltr'><strong>strepuerunt</strong></span> <span class='ocrx_word' id='word_1_20' title='bbox 680 1458 793 1497; x_wconf 87' lang='lat' dir='ltr'><strong>cornua</strong></span> <span class='ocrx_word' id='word_1_21' title='bbox 807 1448 907 1511; x_wconf 87' lang='lat' dir='ltr'><strong>cantu,</strong></span> 
     </span>
     <span class='ocr_line' id='line_1_6' title="bbox 183 1532 1023 1609; baseline 0.002 -18"><span class='ocrx_word' id='word_1_22' title='bbox 183 1532 281 1609; x_wconf 88' lang='lat' dir='ltr'><strong>thue</strong></span> <span class='ocrx_word' id='word_1_23' title='bbox 296 1551 383 1590; x_wconf 89' lang='lat' dir='ltr'><strong>acres</strong></span> <span class='ocrx_word' id='word_1_24' title='bbox 398 1532 548 1591; x_wconf 73' lang='lat' dir='ltr'><strong>concussit</strong></span> <span class='ocrx_word' id='word_1_25' title='bbox 562 1551 666 1608; x_wconf 92' lang='lat' dir='ltr'><strong>equos,</strong></span> <span class='ocrx_word' id='word_1_26' title='bbox 684 1542 773 1608; x_wconf 89' lang='lat' dir='ltr'><strong>utque</strong></span> <span class='ocrx_word' id='word_1_27' title='bbox 789 1533 900 1609; x_wconf 84' lang='lat' dir='ltr'><strong>impulit</strong></span> <span class='ocrx_word' id='word_1_28' title='bbox 914 1550 1000 1593; x_wconf 72' lang='lat' dir='ltr'><strong>uma</strong></span> <span class='ocrx_word' id='word_1_29' title='bbox 1014 1551 1023 1604; x_wconf 70' lang='grc' dir='ltr'>ς</span> 
     </span>
     <span class='ocr_line' id='line_1_7' title="bbox 183 1625 937 1702; baseline -0.001 -17"><span class='ocrx_word' id='word_1_30' title='bbox 183 1626 338 1702; x_wconf 82' lang='lat' dir='ltr'><strong>Extemplo</strong></span> <span class='ocrx_word' id='word_1_31' title='bbox 352 1626 462 1683; x_wconf 85' lang='lat' dir='ltr'><strong>turbati</strong></span> <span class='ocrx_word' id='word_1_32' title='bbox 476 1625 565 1683; x_wconf 87' lang='lat' dir='ltr'><strong>animi</strong></span> <span class='ocrx_word' id='word_1_33' title='bbox 579 1644 587 1694; x_wconf 91' lang='lat'>;</span> <span class='ocrx_word' id='word_1_34' title='bbox 611 1625 697 1683; x_wconf 90' lang='lat' dir='ltr'><strong>simul</strong></span> <span class='ocrx_word' id='word_1_35' title='bbox 712 1644 798 1683; x_wconf 90' lang='lat' dir='ltr'><strong>omne</strong></span> <span class='ocrx_word' id='word_1_36' title='bbox 812 1626 937 1685; x_wconf 83' lang='lat' dir='ltr'><strong>tumultu</strong></span> 
     </span>
     <span class='ocr_line' id='line_1_8' title="bbox 184 1716 913 1795; baseline -0.003 -16"><span class='ocrx_word' id='word_1_37' title='bbox 184 1716 330 1795; x_wconf 75' lang='lat' dir='ltr'><strong>conjuret</strong></span> <span class='ocrx_word' id='word_1_38' title='bbox 343 1718 459 1795; x_wconf 88' lang='lat' dir='ltr'><strong>trepido</strong></span> <span class='ocrx_word' id='word_1_39' title='bbox 472 1717 601 1789; x_wconf 87' lang='lat' dir='ltr'><strong>Latium,</strong></span> <span class='ocrx_word' id='word_1_40' title='bbox 618 1719 761 1794; x_wconf 74' lang='lat' dir='ltr'><strong>crevitque</strong></span> <span class='ocrx_word' id='word_1_41' title='bbox 772 1717 913 1794; x_wconf 85' lang='lat' dir='ltr'><strong>juventus</strong></span> 
     </span>
     <span class='ocr_line' id='line_1_9' title="bbox 181 1809 936 1888; baseline -0.001 -19"><span class='ocrx_word' id='word_1_42' title='bbox 181 1811 293 1870; x_wconf 83' lang='lat' dir='ltr'><strong>Effera.</strong></span> <span class='ocrx_word' id='word_1_43' title='bbox 336 1810 488 1869; x_wconf 81' lang='lat' dir='ltr'><strong>Ductores</strong></span> <span class='ocrx_word' id='word_1_44' title='bbox 501 1811 596 1887; x_wconf 87' lang='lat' dir='ltr'><strong>primi,</strong></span> <span class='ocrx_word' id='word_1_45' title='bbox 611 1809 775 1888; x_wconf 76' lang='lat' dir='ltr'><strong>Messapus</strong></span> <span class='ocrx_word' id='word_1_46' title='bbox 788 1820 818 1868; x_wconf 90' lang='lat' dir='ltr'><strong>et</strong></span> <span class='ocrx_word' id='word_1_47' title='bbox 831 1810 936 1883; x_wconf 90' lang='lat' dir='ltr'><strong>Usens,</strong></span> 
     </span>
     <span class='ocr_line' id='line_1_10' title="bbox 182 1902 1005 1982; baseline 0 -19"><span class='ocrx_word' id='word_1_48' title='bbox 182 1903 436 1981; x_wconf 79' lang='lat' dir='ltr'><strong>contemptorque</strong></span> <span class='ocrx_word' id='word_1_49' title='bbox 451 1902 538 1961; x_wconf 82' lang='lat' dir='ltr'><strong>dedm</strong></span> <span class='ocrx_word' id='word_1_50' title='bbox 552 1904 731 1975; x_wconf 88' lang='lat' dir='ltr'><strong>Mezentius,</strong></span> <span class='ocrx_word' id='word_1_51' title='bbox 748 1904 878 1980; x_wconf 90' lang='lat' dir='ltr'><strong>undique</strong></span> <span class='ocrx_word' id='word_1_52' title='bbox 892 1911 1005 1982; x_wconf 79' lang='lat' dir='ltr'><strong>cogunt</strong></span> 
     </span>
     <span class='ocr_line' id='line_1_11' title="bbox 181 1997 873 2074; baseline -0.003 -18"><span class='ocrx_word' id='word_1_53' title='bbox 181 1998 313 2070; x_wconf 83' lang='lat' dir='ltr'><strong>Auxilia,</strong></span> <span class='ocrx_word' id='word_1_54' title='bbox 331 2005 360 2055; x_wconf 91' lang='lat' dir='ltr'><strong>ct</strong></span> <span class='ocrx_word' id='word_1_55' title='bbox 373 1999 451 2056; x_wconf 88' lang='lat' dir='ltr'><strong>latos</strong></span> <span class='ocrx_word' id='word_1_56' title='bbox 466 2004 582 2056; x_wconf 87' lang='lat' dir='ltr'><strong>vastant</strong></span> <span class='ocrx_word' id='word_1_57' title='bbox 596 1997 760 2055; x_wconf 90' lang='lat' dir='ltr'><strong>cultoribus</strong></span> <span class='ocrx_word' id='word_1_58' title='bbox 774 2015 873 2074; x_wconf 81' lang='lat' dir='ltr'><strong>agros.</strong></span> 
     </span>
     <span class='ocr_line' id='line_1_12' title="bbox 180 2088 962 2168; baseline -0.003 -19"><span class='ocrx_word' id='word_1_59' title='bbox 180 2091 309 2150; x_wconf 90' lang='lat' dir='ltr'><strong>Mittitur</strong></span> <span class='ocrx_word' id='word_1_60' title='bbox 322 2098 351 2148; x_wconf 89' lang='lat' dir='ltr'><strong>et</strong></span> <span class='ocrx_word' id='word_1_61' title='bbox 365 2091 465 2168; x_wconf 83' lang='lat' dir='ltr'><strong>magui</strong></span> <span class='ocrx_word' id='word_1_62' title='bbox 478 2089 614 2148; x_wconf 91' lang='lat' dir='ltr'><strong>Venulus</strong></span> <span class='ocrx_word' id='word_1_63' title='bbox 627 2089 782 2147; x_wconf 90' lang='lat' dir='ltr'><strong>Diomedis</strong></span> <span class='ocrx_word' id='word_1_64' title='bbox 796 2088 834 2147; x_wconf 90' lang='lat' dir='ltr'><strong>ad</strong></span> <span class='ocrx_word' id='word_1_65' title='bbox 848 2090 962 2162; x_wconf 88' lang='lat' dir='ltr'><strong>urbem,</strong></span> 
     </span>
     <span class='ocr_line' id='line_1_13' title="bbox 182 2183 1164 2262; baseline 0.002 -19"><span class='ocrx_word' id='word_1_66' title='bbox 182 2184 243 2253; x_wconf 78' lang='lat' dir='ltr'><strong>Qui</strong></span> <span class='ocrx_word' id='word_1_67' title='bbox 258 2193 337 2262; x_wconf 87' lang='lat' dir='ltr'><strong>petat</strong></span> <span class='ocrx_word' id='word_1_68' title='bbox 352 2186 503 2255; x_wconf 82' lang='lat' dir='ltr'><strong>auxilium,</strong></span> <span class='ocrx_word' id='word_1_69' title='bbox 521 2193 561 2255; x_wconf 91' lang='lat' dir='ltr'><strong>et,</strong></span> <span class='ocrx_word' id='word_1_70' title='bbox 577 2183 666 2242; x_wconf 82' lang='lat' dir='ltr'><strong>Latio</strong></span> <span class='ocrx_word' id='word_1_71' title='bbox 680 2184 844 2243; x_wconf 86' lang='lat' dir='ltr'><strong>consistere</strong></span> <span class='ocrx_word' id='word_1_72' title='bbox 858 2183 1006 2256; x_wconf 88' lang='lat' dir='ltr'><strong>Teucros,</strong></span> <span class='ocrx_word' id='word_1_73' title='bbox 1127 2184 1164 2245; x_wconf 81' lang='grc'><strong>10</strong></span> 
     </span>
     <span class='ocr_line' id='line_1_14' title="bbox 181 2277 916 2354; baseline -0.001 -18"><span class='ocrx_word' id='word_1_74' title='bbox 181 2278 348 2337; x_wconf 82' lang='lat' dir='ltr'><strong>Advectum</strong></span> <span class='ocrx_word' id='word_1_75' title='bbox 361 2279 486 2337; x_wconf 81' lang='lat' dir='ltr'><strong>AEuean</strong></span> <span class='ocrx_word' id='word_1_76' title='bbox 500 2278 601 2348; x_wconf 83' lang='lat' dir='ltr'><strong>classi,</strong></span> <span class='ocrx_word' id='word_1_77' title='bbox 618 2278 771 2354; x_wconf 87' lang='lat' dir='ltr'><strong>victosque</strong></span> <span class='ocrx_word' id='word_1_78' title='bbox 784 2277 916 2336; x_wconf 87' lang='lat' dir='ltr'><strong>Penates</strong></span> 
     </span>
     <span class='ocr_line' id='line_1_15' title="bbox 181 2368 822 2448; baseline 0.002 -21"><span class='ocrx_word' id='word_1_79' title='bbox 181 2368 307 2442; x_wconf 84' lang='lat' dir='ltr'><strong>Inscrre,</strong></span> <span class='ocrx_word' id='word_1_80' title='bbox 325 2380 354 2428; x_wconf 90' lang='lat' dir='ltr'><strong>et</strong></span> <span class='ocrx_word' id='word_1_81' title='bbox 369 2371 435 2429; x_wconf 85' lang='lat' dir='ltr'><strong>setis</strong></span> <span class='ocrx_word' id='word_1_82' title='bbox 449 2389 552 2447; x_wconf 82' lang='lat' dir='ltr'><strong>regem</strong></span> <span class='ocrx_word' id='word_1_83' title='bbox 566 2389 600 2429; x_wconf 88' lang='lat' dir='ltr'><strong>se</strong></span> <span class='ocrx_word' id='word_1_84' title='bbox 614 2370 714 2428; x_wconf 86' lang='lat' dir='ltr'><strong>dicere</strong></span> <span class='ocrx_word' id='word_1_85' title='bbox 730 2369 822 2448; x_wconf 89' lang='lat' dir='ltr'><strong>posci,</strong></span> 
     </span>
     <span class='ocr_line' id='line_1_16' title="bbox 180 2462 933 2540; baseline 0 -20"><span class='ocrx_word' id='word_1_86' title='bbox 180 2462 327 2533; x_wconf 82' lang='lat' dir='ltr'><strong>Edoceat‚</strong></span> <span class='ocrx_word' id='word_1_87' title='bbox 343 2463 510 2537; x_wconf 86' lang='lat' dir='ltr'><strong>multasque</strong></span> <span class='ocrx_word' id='word_1_88' title='bbox 524 2462 588 2520; x_wconf 86' lang='lat' dir='ltr'><strong>viro</strong></span> <span class='ocrx_word' id='word_1_89' title='bbox 602 2481 634 2519; x_wconf 88' lang='lat' dir='ltr'><strong>se</strong></span> <span class='ocrx_word' id='word_1_90' title='bbox 650 2462 811 2540; x_wconf 82' lang='lat' dir='ltr'><strong>adjungere</strong></span> <span class='ocrx_word' id='word_1_91' title='bbox 826 2471 933 2540; x_wconf 82' lang='lat' dir='ltr'><strong>gentes</strong></span> 
     </span>
     <span class='ocr_line' id='line_1_17' title="bbox 180 2557 939 2628; baseline 0.003 -12"><span class='ocrx_word' id='word_1_92' title='bbox 180 2558 346 2628; x_wconf 84' lang='lat' dir='ltr'><strong>Dardanio,</strong></span> <span class='ocrx_word' id='word_1_93' title='bbox 363 2567 392 2616; x_wconf 91' lang='lat' dir='ltr'><strong>et</strong></span> <span class='ocrx_word' id='word_1_94' title='bbox 406 2559 465 2615; x_wconf 76' lang='lat' dir='ltr'><strong>late</strong></span> <span class='ocrx_word' id='word_1_95' title='bbox 479 2557 569 2616; x_wconf 84' lang='lat' dir='ltr'><strong>Latio</strong></span> <span class='ocrx_word' id='word_1_96' title='bbox 584 2559 807 2617; x_wconf 88' lang='lat' dir='ltr'><strong>increbrescere</strong></span> <span class='ocrx_word' id='word_1_97' title='bbox 822 2578 939 2618; x_wconf 88' lang='lat' dir='ltr'><strong>nornen.</strong></span> 
     </span>
     <span class='ocr_line' id='line_1_18' title="bbox 181 2650 1163 2728; baseline 0.003 -19"><span class='ocrx_word' id='word_1_98' title='bbox 181 2650 261 2718; x_wconf 81' lang='lat' dir='ltr'><strong>Quid</strong></span> <span class='ocrx_word' id='word_1_99' title='bbox 275 2658 370 2708; x_wconf 86' lang='lat' dir='ltr'><strong>struat</strong></span> <span class='ocrx_word' id='word_1_100' title='bbox 384 2650 429 2708; x_wconf 89' lang='lat' dir='ltr'><strong>his</strong></span> <span class='ocrx_word' id='word_1_101' title='bbox 444 2651 560 2726; x_wconf 89' lang='lat' dir='ltr'><strong>coeptis‚</strong></span> <span class='ocrx_word' id='word_1_102' title='bbox 578 2670 675 2727; x_wconf 90' lang='lat' dir='ltr'><strong>quem,</strong></span> <span class='ocrx_word' id='word_1_103' title='bbox 692 2653 717 2709; x_wconf 91' lang='lat' dir='ltr'><strong>si</strong></span> <span class='ocrx_word' id='word_1_104' title='bbox 730 2652 865 2711; x_wconf 86' lang='lat' dir='ltr'><strong>Fortuna</strong></span> <span class='ocrx_word' id='word_1_105' title='bbox 878 2659 1032 2728; x_wconf 89' lang='lat' dir='ltr'><strong>sequatur,</strong></span> <span class='ocrx_word' id='word_1_106' title='bbox 1126 2652 1163 2712; x_wconf 74' lang='lat'><strong>1⁶</strong></span> 
     </span>
     <span class='ocr_line' id='line_1_19' title="bbox 180 2744 855 2822; baseline 0.001 -20"><span class='ocrx_word' id='word_1_107' title='bbox 180 2744 329 2803; x_wconf 85' lang='lat' dir='ltr'><strong>Eventum</strong></span> <span class='ocrx_word' id='word_1_108' title='bbox 343 2763 450 2821; x_wconf 71' lang='lat' dir='ltr'><strong>pugnae</strong></span> <span class='ocrx_word' id='word_1_109' title='bbox 465 2744 575 2819; x_wconf 87' lang='lat' dir='ltr'><strong>cupiat,</strong></span> <span class='ocrx_word' id='word_1_110' title='bbox 592 2745 775 2803; x_wconf 78' lang='lat' dir='ltr'><strong>manifestius</strong></span> <span class='ocrx_word' id='word_1_111' title='bbox 789 2746 855 2822; x_wconf 91' lang='lat' dir='ltr'><strong>ipsi,</strong></span> 
     </span>
     <span class='ocr_line' id='line_1_20' title="bbox 180 2837 929 2915; baseline 0.003 -19"><span class='ocrx_word' id='word_1_112' title='bbox 180 2837 281 2906; x_wconf 73' lang='lat' dir='ltr'><strong>Quum</strong></span> <span class='ocrx_word' id='word_1_113' title='bbox 294 2837 398 2895; x_wconf 89' lang='lat' dir='ltr'><strong>Turno</strong></span> <span class='ocrx_word' id='word_1_114' title='bbox 412 2837 487 2914; x_wconf 86' lang='lat' dir='ltr'><strong>regi,</strong></span> <span class='ocrx_word' id='word_1_115' title='bbox 504 2847 555 2895; x_wconf 86' lang='lat' dir='ltr'><strong>eut</strong></span> <span class='ocrx_word' id='word_1_116' title='bbox 569 2838 634 2915; x_wconf 84' lang='lat' dir='ltr'><strong>regi</strong></span> <span class='ocrx_word' id='word_1_117' title='bbox 649 2857 792 2915; x_wconf 80' lang='lat' dir='ltr'><strong>apparere</strong></span> <span class='ocrx_word' id='word_1_118' title='bbox 809 2838 929 2913; x_wconf 84' lang='lat' dir='ltr'><strong>Latino.</strong></span> 
     </span>
     <span class='ocr_line' id='line_1_21' title="bbox 216 2930 967 3008; baseline 0.004 -20"><span class='ocrx_word' id='word_1_119' title='bbox 216 2931 305 2988; x_wconf 83' lang='lat' dir='ltr'><strong>Talia</strong></span> <span class='ocrx_word' id='word_1_120' title='bbox 319 2949 372 3008; x_wconf 89' lang='lat' dir='ltr'><strong>per</strong></span> <span class='ocrx_word' id='word_1_121' title='bbox 384 2930 504 2988; x_wconf 84' lang='lat' dir='ltr'><strong>Latium</strong></span> <span class='ocrx_word' id='word_1_122' title='bbox 518 2950 524 2987; x_wconf 93' lang='lat'><strong>:</strong></span> <span class='ocrx_word' id='word_1_123' title='bbox 549 2951 615 3008; x_wconf 83' lang='lat' dir='ltr'><strong>quae</strong></span> <span class='ocrx_word' id='word_1_124' title='bbox 628 2931 860 2990; x_wconf 80' lang='lat' dir='ltr'><strong>Laomedontius</strong></span> <span class='ocrx_word' id='word_1_125' title='bbox 879 2933 967 2991; x_wconf 88' lang='lat' dir='ltr'><strong>heros</strong></span> 
     </span>
     <span class='ocr_line' id='line_1_22' title="bbox 179 3023 943 3101; baseline 0 -18"><span class='ocrx_word' id='word_1_126' title='bbox 179 3023 299 3083; x_wconf 87' lang='lat' dir='ltr'><strong>Cuncta</strong></span> <span class='ocrx_word' id='word_1_127' title='bbox 313 3023 427 3094; x_wconf 87' lang='lat' dir='ltr'><strong>videns,</strong></span> <span class='ocrx_word' id='word_1_128' title='bbox 443 3043 551 3101; x_wconf 83' lang='lat' dir='ltr'><strong>magno</strong></span> <span class='ocrx_word' id='word_1_129' title='bbox 566 3043 706 3082; x_wconf 86' lang='lat' dir='ltr'><strong>curarum</strong></span> <span class='ocrx_word' id='word_1_130' title='bbox 720 3025 843 3082; x_wconf 84' lang='lat' dir='ltr'><strong>fluctuet</strong></span> <span class='ocrx_word' id='word_1_131' title='bbox 858 3033 943 3097; x_wconf 83' lang='lat' dir='ltr'><strong>aestu,</strong></span> 
     </span>
     <span class='ocr_line' id='line_1_23' title="bbox 177 3117 1162 3194; baseline 0.003 -19"><span class='ocrx_word' id='word_1_132' title='bbox 177 3118 277 3194; x_wconf 83' lang='lat' dir='ltr'><strong>Atque</strong></span> <span class='ocrx_word' id='word_1_133' title='bbox 293 3118 421 3175; x_wconf 80' lang='lat' dir='ltr'><strong>animum</strong></span> <span class='ocrx_word' id='word_1_134' title='bbox 436 3136 515 3174; x_wconf 94' lang='lat' dir='ltr'><strong>nunc</strong></span> <span class='ocrx_word' id='word_1_135' title='bbox 530 3117 589 3175; x_wconf 92' lang='lat' dir='ltr'><strong>huc</strong></span> <span class='ocrx_word' id='word_1_136' title='bbox 603 3117 743 3187; x_wconf 90' lang='lat' dir='ltr'><strong>celerem,</strong></span> <span class='ocrx_word' id='word_1_137' title='bbox 759 3136 838 3175; x_wconf 92' lang='lat' dir='ltr'><strong>nunc</strong></span> <span class='ocrx_word' id='word_1_138' title='bbox 853 3117 953 3175; x_wconf 92' lang='lat' dir='ltr'><strong>dividit</strong></span> <span class='ocrx_word' id='word_1_139' title='bbox 967 3117 1051 3190; x_wconf 91' lang='lat' dir='ltr'><strong>illuc,</strong></span> <span class='ocrx_word' id='word_1_140' title='bbox 1121 3120 1162 3178; x_wconf 75' lang='lat'><strong>20</strong></span> 
     </span>
     <span class='ocr_line' id='line_1_24' title="bbox 178 3208 969 3287; baseline 0.004 -20"><span class='ocrx_word' id='word_1_141' title='bbox 178 3208 213 3267; x_wconf 91' lang='lat' dir='ltr'><strong>In</strong></span> <span class='ocrx_word' id='word_1_142' title='bbox 229 3220 390 3286; x_wconf 83' lang='lat' dir='ltr'><strong>partesque</strong></span> <span class='ocrx_word' id='word_1_143' title='bbox 405 3210 481 3285; x_wconf 83' lang='lat' dir='ltr'><strong>repit</strong></span> <span class='ocrx_word' id='word_1_144' title='bbox 496 3211 604 3280; x_wconf 88' lang='lat' dir='ltr'><strong>vnrins,</strong></span> <span class='ocrx_word' id='word_1_145' title='bbox 622 3229 734 3287; x_wconf 87' lang='lat' dir='ltr'><strong>perque</strong></span> <span class='ocrx_word' id='word_1_146' title='bbox 749 3209 847 3267; x_wconf 82' lang='lat' dir='ltr'><strong>omnia</strong></span> <span class='ocrx_word' id='word_1_147' title='bbox 861 3218 969 3270; x_wconf 82' lang='lat' dir='ltr'><strong>versat.</strong></span> 
     </span>
     <span class='ocr_line' id='line_1_25' title="bbox 178 3302 947 3377; baseline 0.003 -19"><span class='ocrx_word' id='word_1_148' title='bbox 178 3302 261 3359; x_wconf 90' lang='lat' dir='ltr'><strong>Sicut</strong></span> <span class='ocrx_word' id='word_1_149' title='bbox 276 3321 361 3377; x_wconf 79' lang='lat' dir='ltr'><strong>equae</strong></span> <span class='ocrx_word' id='word_1_150' title='bbox 377 3303 534 3360; x_wconf 88' lang='lat' dir='ltr'><strong>tremulum</strong></span> <span class='ocrx_word' id='word_1_151' title='bbox 547 3303 641 3360; x_wconf 84' lang='lat' dir='ltr'><strong>labris</strong></span> <span class='ocrx_word' id='word_1_152' title='bbox 657 3303 706 3360; x_wconf 93' lang='lat' dir='ltr'><strong>ubi</strong></span> <span class='ocrx_word' id='word_1_153' title='bbox 720 3303 818 3360; x_wconf 91' lang='lat' dir='ltr'><strong>lumen</strong></span> <span class='ocrx_word' id='word_1_154' title='bbox 833 3303 947 3374; x_wconf 84' lang='lat' dir='ltr'><strong>ahenis,</strong></span> 
     </span>
     <span class='ocr_line' id='line_1_26' title="bbox 178 3393 953 3472; baseline 0.005 -22"><span class='ocrx_word' id='word_1_155' title='bbox 178 3393 246 3451; x_wconf 89' lang='lat' dir='ltr'><strong>Sole</strong></span> <span class='ocrx_word' id='word_1_156' title='bbox 261 3412 480 3469; x_wconf 90' lang='lat' dir='ltr'><strong>repercussum,</strong></span> <span class='ocrx_word' id='word_1_157' title='bbox 498 3402 548 3451; x_wconf 87' lang='lat' dir='ltr'><strong>aut</strong></span> <span class='ocrx_word' id='word_1_158' title='bbox 563 3395 706 3452; x_wconf 87' lang='lat' dir='ltr'><strong>radiantis</strong></span> <span class='ocrx_word' id='word_1_159' title='bbox 721 3395 850 3472; x_wconf 83' lang='lat' dir='ltr'><strong>imagine</strong></span> <span class='ocrx_word' id='word_1_160' title='bbox 864 3396 953 3468; x_wconf 86' lang='lat' dir='ltr'><strong>lunae,</strong></span> 
     </span>
     <span class='ocr_line' id='line_1_27' title="bbox 177 3486 947 3564; baseline 0.004 -19"><span class='ocrx_word' id='word_1_161' title='bbox 177 3486 285 3545; x_wconf 86' lang='lat' dir='ltr'><strong>Omnia</strong></span> <span class='ocrx_word' id='word_1_162' title='bbox 300 3486 455 3563; x_wconf 85' lang='lat' dir='ltr'><strong>pervolitet</strong></span> <span class='ocrx_word' id='word_1_163' title='bbox 469 3486 528 3544; x_wconf 71' lang='lat' dir='ltr'><strong>late</strong></span> <span class='ocrx_word' id='word_1_164' title='bbox 544 3488 609 3545; x_wconf 85' lang='lat' dir='ltr'><strong>loce</strong></span> <span class='ocrx_word' id='word_1_165' title='bbox 625 3508 632 3557; x_wconf 90' lang='lat'>;</span> <span class='ocrx_word' id='word_1_166' title='bbox 652 3489 773 3564; x_wconf 86' lang='lat' dir='ltr'><strong>jamque</strong></span> <span class='ocrx_word' id='word_1_167' title='bbox 787 3490 842 3546; x_wconf 91' lang='lat' dir='ltr'><strong>sub</strong></span> <span class='ocrx_word' id='word_1_168' title='bbox 858 3508 947 3548; x_wconf 83' lang='lat' dir='ltr'><strong>eures</strong></span> 
     </span>
     <span class='ocr_line' id='line_1_28' title="bbox 176 3579 1161 3658; baseline 0.007 -21"><span class='ocrx_word' id='word_1_169' title='bbox 176 3579 321 3657; x_wconf 82' lang='lat' dir='ltr'><strong>Erigitur,</strong></span> <span class='ocrx_word' id='word_1_170' title='bbox 338 3579 502 3655; x_wconf 91' lang='lat' dir='ltr'><strong>summique</strong></span> <span class='ocrx_word' id='word_1_171' title='bbox 518 3581 584 3639; x_wconf 86' lang='lat' dir='ltr'><strong>serit</strong></span> <span class='ocrx_word' id='word_1_172' title='bbox 598 3582 753 3658; x_wconf 83' lang='lat' dir='ltr'><strong>laquearia</strong></span> <span class='ocrx_word' id='word_1_173' title='bbox 770 3582 851 3641; x_wconf 86' lang='lat' dir='ltr'><strong>tecti.</strong></span> <span class='ocrx_word' id='word_1_174' title='bbox 1120 3586 1161 3644; x_wconf 69' lang='lat'><strong>25</strong></span> 
     </span>
     <span class='ocr_line' id='line_1_29' title="bbox 177 3671 931 3752; baseline 0.008 -24"><span class='ocrx_word' id='word_1_175' title='bbox 177 3671 205 3729; x_wconf 90' lang='lat' dir='ltr'><strong>N</strong></span> <span class='ocrx_word' id='word_1_176' title='bbox 208 3690 245 3728; x_wconf 82' lang='lat' dir='ltr'><strong>ox</strong></span> <span class='ocrx_word' id='word_1_177' title='bbox 259 3679 334 3742; x_wconf 86' lang='lat' dir='ltr'><strong>eret,</strong></span> <span class='ocrx_word' id='word_1_178' title='bbox 350 3680 379 3728; x_wconf 90' lang='lat' dir='ltr'><strong>et</strong></span> <span class='ocrx_word' id='word_1_179' title='bbox 393 3681 490 3729; x_wconf 87' lang='lat' dir='ltr'><strong>terras</strong></span> <span class='ocrx_word' id='word_1_180' title='bbox 505 3674 643 3731; x_wconf 82' lang='lat' dir='ltr'><strong>animalia</strong></span> <span class='ocrx_word' id='word_1_181' title='bbox 658 3675 738 3732; x_wconf 89' lang='lat' dir='ltr'><strong>sessa</strong></span> <span class='ocrx_word' id='word_1_182' title='bbox 752 3695 805 3752; x_wconf 89' lang='lat' dir='ltr'><strong>pcr</strong></span> <span class='ocrx_word' id='word_1_183' title='bbox 818 3694 931 3748; x_wconf 91' lang='lat' dir='ltr'><strong>omnes,</strong></span> 
     </span>
     <span class='ocr_line' id='line_1_30' title="bbox 177 3763 1012 3845; baseline 0.01 -26"><span class='ocrx_word' id='word_1_184' title='bbox 177 3763 310 3821; x_wconf 81' lang='lat' dir='ltr'><strong>Alituum</strong></span> <span class='ocrx_word' id='word_1_185' title='bbox 324 3764 530 3841; x_wconf 86' lang='lat' dir='ltr'><strong>pecudumque</strong></span> <span class='ocrx_word' id='word_1_186' title='bbox 545 3786 650 3844; x_wconf 84' lang='lat' dir='ltr'><strong>genus,</strong></span> <span class='ocrx_word' id='word_1_187' title='bbox 667 3788 756 3845; x_wconf 87' lang='lat' dir='ltr'><strong>sopor</strong></span> <span class='ocrx_word' id='word_1_188' title='bbox 770 3769 847 3826; x_wconf 87' lang='lat' dir='ltr'><strong>altus</strong></span> <span class='ocrx_word' id='word_1_189' title='bbox 861 3768 990 3828; x_wconf 86' lang='lat' dir='ltr'><strong>habebut</strong></span> <span class='ocrx_word' id='word_1_190' title='bbox 1003 3790 1012 3841; x_wconf 88' lang='lat'>;</span> 
     </span>
     <span class='ocr_line' id='line_1_31' title="bbox 177 3855 936 3936; baseline 0.009 -24"><span class='ocrx_word' id='word_1_191' title='bbox 177 3855 278 3923; x_wconf 81' lang='lat' dir='ltr'><strong>Quum</strong></span> <span class='ocrx_word' id='word_1_192' title='bbox 292 3866 377 3934; x_wconf 86' lang='lat' dir='ltr'><strong>peter</strong></span> <span class='ocrx_word' id='word_1_193' title='bbox 391 3858 419 3914; x_wconf 93' lang='lat' dir='ltr'><strong>in</strong></span> <span class='ocrx_word' id='word_1_194' title='bbox 434 3858 500 3935; x_wconf 72' lang='lat' dir='ltr'><strong>ripei</strong></span> <span class='ocrx_word' id='word_1_195' title='bbox 513 3861 663 3936; x_wconf 84' lang='lat' dir='ltr'><strong>gelidique</strong></span> <span class='ocrx_word' id='word_1_196' title='bbox 678 3864 733 3919; x_wconf 92' lang='lat' dir='ltr'><strong>sub</strong></span> <span class='ocrx_word' id='word_1_197' title='bbox 749 3862 867 3920; x_wconf 84' lang='lat' dir='ltr'><strong>retheris</strong></span> <span class='ocrx_word' id='word_1_198' title='bbox 880 3881 936 3919; x_wconf 84' lang='lat' dir='ltr'><strong>axe</strong></span> 
     </span>
     <span class='ocr_line' id='line_1_32' title="bbox 176 3949 786 4031; baseline 0.011 -25"><span class='ocrx_word' id='word_1_199' title='bbox 176 3949 306 4021; x_wconf 82' lang='lat' dir='ltr'><strong>AEncas,</strong></span> <span class='ocrx_word' id='word_1_200' title='bbox 322 3951 399 4008; x_wconf 88' lang='lat' dir='ltr'><strong>tristi</strong></span> <span class='ocrx_word' id='word_1_201' title='bbox 412 3954 547 4010; x_wconf 87' lang='lat' dir='ltr'><strong>turbatus</strong></span> <span class='ocrx_word' id='word_1_202' title='bbox 561 3964 683 4031; x_wconf 85' lang='lat' dir='ltr'><strong>pectora</strong></span> <span class='ocrx_word' id='word_1_203' title='bbox 698 3957 786 4027; x_wconf 90' lang='lat' dir='ltr'><strong>bello,</strong></span> 
     </span>
     <span class='ocr_line' id='line_1_33' title="bbox 175 4041 1160 4125; baseline 0.014 -26"><span class='ocrx_word' id='word_1_204' title='bbox 175 4041 348 4114; x_wconf 87' lang='lat' dir='ltr'><strong>Procubuit,</strong></span> <span class='ocrx_word' id='word_1_205' title='bbox 365 4064 523 4120; x_wconf 86' lang='lat' dir='ltr'><strong>seramque</strong></span> <span class='ocrx_word' id='word_1_206' title='bbox 537 4046 616 4104; x_wconf 92' lang='lat' dir='ltr'><strong>dedit</strong></span> <span class='ocrx_word' id='word_1_207' title='bbox 631 4067 684 4123; x_wconf 83' lang='lat' dir='ltr'><strong>per</strong></span> <span class='ocrx_word' id='word_1_208' title='bbox 697 4051 830 4105; x_wconf 86' lang='lat' dir='ltr'><strong>membra</strong></span> <span class='ocrx_word' id='word_1_209' title='bbox 845 4050 984 4125; x_wconf 92' lang='lat' dir='ltr'><strong>quietem.</strong></span> <span class='ocrx_word' id='word_1_210' title='bbox 1121 4054 1160 4113; x_wconf 76' lang='lat' dir='ltr'><strong><em>w</em></strong></span> 
     </span>
     <span class='ocr_line' id='line_1_34' title="bbox 176 4135 927 4216; baseline 0.011 -23"><span class='ocrx_word' id='word_1_211' title='bbox 176 4135 259 4195; x_wconf 91' lang='lat' dir='ltr'><strong>Huic</strong></span> <span class='ocrx_word' id='word_1_212' title='bbox 273 4137 347 4195; x_wconf 89' lang='lat' dir='ltr'><strong>deus</strong></span> <span class='ocrx_word' id='word_1_213' title='bbox 361 4138 423 4213; x_wconf 88' lang='lat' dir='ltr'><strong>ipse</strong></span> <span class='ocrx_word' id='word_1_214' title='bbox 438 4138 507 4211; x_wconf 91' lang='lat' dir='ltr'><strong>loci,</strong></span> <span class='ocrx_word' id='word_1_215' title='bbox 523 4139 612 4197; x_wconf 88' lang='lat' dir='ltr'><strong>fluvio</strong></span> <span class='ocrx_word' id='word_1_216' title='bbox 625 4141 786 4199; x_wconf 90' lang='lat' dir='ltr'><strong>Tiberinus</strong></span> <span class='ocrx_word' id='word_1_217' title='bbox 800 4161 927 4216; x_wconf 87' lang='lat' dir='ltr'><strong>amoeno,</strong></span> 
     </span>
    </p>
   </div>
   <div class='ocr_carea' id='block_1_5' title="bbox 0 0 1350 5122">
    <p class='ocr_par' dir='ltr' id='par_1_5' title="bbox 0 0 1350 5122">
     <span class='ocr_line' id='line_1_35' title="bbox 0 0 1350 5122; baseline 0 3"><span class='ocrx_word' id='word_1_218' title='bbox 0 0 1350 5122; x_wconf 95' lang='lat' dir='ltr'><strong> </strong></span> 
     </span>
    </p>
   </div>
  </div>
 </body>
</html>
