2692 5122
1064 350 1070 363 Ι

449 416 456 425 a

357 768 369 792 ‘
404 723 417 744 l
493 768 665 819 ElisslDOS
684 769 831 818 slavn.

175 903 213 964 Ut
227 904 314 981 juxta
327 904 491 984 genitorem
504 906 601 966 adstet
614 906 741 966 Lavinia
754 908 849 985 virgo,

174 998 247 1056 Vise
262 998 362 1076 (nesse
374 1002 397 1076 !)
412 1000 507 1077 longis
520 1001 731 1077 comprendere
745 1002 877 1059 crinibus
890 1000 1000 1079 ignem,

173 1092 271 1168 Atque
286 1110 402 1149 omnem
416 1100 551 1151 ornatum
564 1092 683 1151 flammi
696 1095 857 1170 crepitante
871 1094 997 1154 cremari
1010 1113 1019 1166 ;

174 1184 367 1262 Regalesque
381 1204 511 1244 accensa
524 1204 636 1257 comas,
652 1205 780 1244 accense
793 1206 932 1246 coronam
1111 1188 1150 1247 ts

175 1276 325 1356 Insignem
338 1280 462 1356 gemmis
476 1297 484 1348 ;
508 1287 570 1336 tum
583 1278 693 1338 fumida
706 1279 816 1338 lumine
830 1279 910 1339 t'ulvc

175 1370 298 1442 Involvi,
314 1390 351 1431 ac
364 1372 434 1430 totis
446 1372 616 1432 Vulcanum
631 1392 774 1451 spargere
788 1373 885 1432 tectis.

175 1464 208 1523 ld
222 1463 294 1522 verd
309 1463 487 1523 horrendum
502 1485 538 1524 ac
553 1466 616 1524 visu
631 1466 764 1523 mirabile
779 1466 850 1523 ferri
863 1484 870 1523 :

175 1557 312 1634 Namque
326 1557 389 1616 sore
403 1559 546 1616 illustrem
560 1558 640 1616 semri
652 1559 779 1635 satisque
794 1560 942 1617 canebant

175 1649 273 1728 ipsam
286 1669 295 1720 ;
318 1650 371 1708 sed
385 1651 492 1728 populo
505 1670 645 1728 magnum
658 1651 834 1728 portendere
849 1652 968 1710 bellum.

175 1744 214 1801 At
226 1761 291 1814 rex,
308 1744 452 1801 sollicitus
466 1744 614 1814 monstris,
631 1745 753 1802 oracula
765 1744 874 1816 Fauni,

175 1833 302 1894 Fatidici
315 1837 468 1913 genitoris,
485 1836 556 1906 adit,
572 1836 714 1912 lucosque
728 1838 783 1894 sub
803 1835 866 1896 eltis

176 1926 312 1989 Consulit
326 1927 475 2000 Albuneri,
491 1947 643 1986 nemorum
658 1948 724 2004 quae
737 1931 865 1988 maxims
879 1950 966 1990 sacro

176 2020 270 2080 Fonte
285 2031 381 2093 sonat,
397 2041 565 2099 servamque
579 2022 697 2080 exhalet
711 2042 805 2100 opace
818 2026 977 2102 mephitim.

175 2114 257 2175 Hinc
271 2115 357 2174 Italae
370 2125 485 2194 gentes,
501 2116 654 2192 omnisque
668 2116 810 2176 OEnotria
823 2118 921 2190 tellus,

176 2207 211 2266 In
224 2206 323 2267 dubiis
336 2227 479 2285 response
493 2216 603 2285 petunt.
646 2207 718 2266 Huc
732 2209 809 2267 done
823 2211 966 2270 sacerdos

177 2299 276 2374 Quum
290 2301 366 2372 tulit,
383 2309 411 2359 et
426 2320 572 2359 caesarum
586 2301 684 2360 ovium
697 2302 752 2358 sub
765 2311 853 2360 nocte
866 2303 964 2362 silenti

177 2395 308 2454 Pellibus
322 2395 453 2453 incubuit
466 2395 576 2464 stratis,
592 2413 769 2469 somnosque
784 2396 895 2471 petivit,

176 2488 273 2548 Multa
286 2488 379 2547 modis
393 2488 552 2546 simulacra
566 2488 644 2544 ridet
659 2488 811 2546 volitantia
824 2489 916 2561 miris,

177 2582 215 2643 Et
230 2582 329 2640 varias
343 2581 423 2640 audit
439 2600 537 2651 voces,
553 2580 716 2656 fruiturque
731 2581 853 2639 deornm

178 2675 347 2753 Colloquio,
363 2683 452 2751 atque
467 2675 532 2733 imis
544 2675 718 2733 Acheronta
731 2675 839 2733 atl'atur
851 2677 988 2736 Arernis.

178 2767 240 2827 Hic
254 2777 284 2826 et
298 2777 360 2826 tum
373 2775 457 2844 peter
470 2768 543 2844 ipse,
560 2778 666 2845 petens
679 2787 832 2844 response,
847 2768 974 2829 Latinus

179 2861 308 2922 Centum
321 2860 472 2938 lanigeras
485 2863 633 2918 mactabat
647 2861 702 2918 ritd
718 2862 862 2933 bidentes,

179 2957 277 3032 Atque
291 2954 396 3012 harum
410 2953 528 3011 effultus
542 2961 627 3030 tergo
640 2954 798 3029 stratisque
814 2955 937 3030 jacebat

177 3048 357 3107 Velleribus.
400 3048 503 3105 Subita
515 3066 552 3104 ex
566 3047 625 3105 alto
638 3067 696 3106 vox
709 3048 824 3107 reddita
839 3050 906 3109 luco
919 3056 964 3109 est
978 3068 985 3107 :
1019 3083 1021 3086 <

179 3141 205 3200 N
209 3160 225 3198 e
240 3150 307 3218 pete
322 3141 476 3199 connubiis
490 3149 588 3201 natam
602 3142 719 3200 sociare
733 3141 859 3213 Latinis,

180 3233 287 3292 Omea
301 3233 468 3310 progenies,
483 3232 620 3291 thalamis
631 3253 689 3291 neu
704 3234 793 3292 crede
809 3234 939 3311 peratis:

179 3324 305 3383 Externi
318 3325 438 3382 veniunt
452 3327 565 3401 generi,
583 3325 633 3401 qui
647 3326 791 3402 sanguine
805 3333 937 3383 nostrum

180 3418 296 3477 Nomen
311 3418 340 3476 in
354 3426 435 3476 astra
448 3418 553 3488 serent,
570 3436 753 3493 quorumque
768 3419 805 3474 ab
820 3418 911 3493 stirpe
924 3424 1047 3493 nepotes

180 3511 287 3572 Omnia
301 3512 356 3569 sub
371 3512 505 3588 pedibus,
521 3509 581 3585 qud
595 3510 639 3568 sol
653 3520 809 3585 utrumque
823 3527 982 3567 recurrens
1103 3512 1159 3570 100

181 3603 314 3681 Adspicit
328 3622 483 3672 oceanum,
499 3602 633 3677 vertique
648 3603 770 3678 regique
785 3601 933 3660 videbunt.

182 3695 259 3754 Herc
273 3716 416 3774 responsa
431 3694 522 3772 patris
536 3694 643 3765 Fauni,
660 3695 845 3770 monitusque
859 3693 957 3752 silenti

182 3791 278 3851 Nocte
293 3793 387 3864 datos,
404 3812 463 3850 non
477 3791 539 3867 ipse
552 3810 607 3848 suo
621 3791 725 3868 premit
739 3810 790 3849 ore
804 3789 931 3849 Latinus
943 3810 951 3860 3

183 3885 241 3943 Sed
256 3885 369 3943 circirm
381 3884 439 3942 late
455 3885 581 3942 volitans
597 3884 658 3958 jam
672 3884 767 3941 Fame
786 3903 839 3960 per
854 3885 944 3942 nrbes

162 3978 331 4046 ‚Ausonias
344 3979 463 4049 tulerat,
480 3998 569 4054 quum
583 3977 799 4036 Laomedontia
813 3978 906 4054 pubes
1105 3978 1160 4036 106

183 4070 345 4130 Gramineo
359 4072 431 4148 ripae
444 4071 581 4149 religavit
596 4073 633 4128 ab
648 4089 761 4147 aggere
776 4070 911 4128 classem.

220 4164 350 4232 AEneas,
366 4163 510 4241 primique
525 4164 627 4233 duces,
643 4172 672 4220 et
686 4163 810 4239 pulcher
829 4162 923 4234 Iulus,

184 4255 320 4334 Corpore
334 4259 388 4314 sub
402 4258 492 4316 ramis
506 4257 654 4333 deponunt
669 4256 783 4313 arboris
797 4255 876 4325 eltae,

184 4347 401 4425 instituuntque
415 4349 518 4426 dapes,
534 4358 563 4405 et
578 4348 689 4405 adorea
703 4348 762 4405 liba
776 4366 828 4422 per
841 4347 963 4407 herbam

185 4442 349 4519 Subjiciunt
363 4442 466 4520 epulis,
484 4442 541 4519 (sic
554 4441 672 4517 Jupiter
685 4441 734 4498 ille
748 4439 914 4524 monebat)
1105 4440 1161 4500 110

183 4532 222 4593 Et
236 4535 367 4595 Cereale
381 4536 475 4594 solum
489 4535 582 4612 pomis
596 4534 764 4612 agrestibus
778 4541 897 4609 augent.
