<?xml version="1.0" encoding="UTF-8"?>
<!DOCTYPE html PUBLIC "-//W3C//DTD XHTML 1.0 Transitional//EN"
    "http://www.w3.org/TR/xhtml1/DTD/xhtml1-transitional.dtd">
<html xmlns="http://www.w3.org/1999/xhtml" xml:lang="en" lang="en">
 <head>
  <title>
</title>
<meta http-equiv="Content-Type" content="text/html;charset=utf-8" />
  <meta name='ocr-system' content='tesseract 3.04.00' />
  <meta name='ocr-capabilities' content='ocr_page ocr_carea ocr_par ocr_line ocrx_word'/>
</head>
<body>
  <div class='ocr_page' id='page_1' title='image "./pvirgiliimaroni00bowegoog_0137.png"; bbox 0 0 2692 5122; ppageno 0'>
   <div class='ocr_carea' id='block_1_1' title="bbox 163 392 853 459">
    <p class='ocr_par' dir='ltr' id='par_1_1' title="bbox 163 392 853 459">
     <span class='ocr_line' id='line_1_1' title="bbox 163 392 853 459; baseline 0.004 -20"><span class='ocrx_word' id='word_1_1' title='bbox 163 401 219 459; x_wconf 75' lang='lat'>124</span> <span class='ocrx_word' id='word_1_2' title='bbox 447 393 474 440; x_wconf 84' lang='lat' dir='ltr'>r</span> <span class='ocrx_word' id='word_1_3' title='bbox 494 392 663 441; x_wconf 81' lang='lat' dir='ltr'>vrscmu</span> <span class='ocrx_word' id='word_1_4' title='bbox 679 393 853 443; x_wconf 76' lang='lat' dir='ltr'>usnoms</span> 
     </span>
    </p>
   </div>
   <div class='ocr_carea' id='block_1_2' title="bbox 158 531 999 893">
    <p class='ocr_par' dir='ltr' id='par_1_2' title="bbox 158 531 931 706">
     <span class='ocr_line' id='line_1_2' title="bbox 158 531 931 623; baseline -0.004 -29"><span class='ocrx_word' id='word_1_5' title='bbox 158 532 313 595; x_wconf 73' lang='lat' dir='ltr'><strong>Occiderit</strong></span> <span class='ocrx_word' id='word_1_6' title='bbox 327 534 407 592; x_wconf 82' lang='lat' dir='ltr'>ferro</span> <span class='ocrx_word' id='word_1_7' title='bbox 420 534 560 623; x_wconf 73' lang='lat' dir='ltr'>Priamus</span> <span class='ocrx_word' id='word_1_8' title='bbox 576 533 587 589; x_wconf 89' lang='lat'><strong>?</strong></span> <span class='ocrx_word' id='word_1_9' title='bbox 616 531 709 609; x_wconf 86' lang='lat' dir='ltr'>Troja</span> <span class='ocrx_word' id='word_1_10' title='bbox 723 534 830 592; x_wconf 80' lang='lat' dir='ltr'><strong>arserit</strong></span> <span class='ocrx_word' id='word_1_11' title='bbox 843 534 927 612; x_wconf 78' lang='lat' dir='ltr'>igni.</span> <span class='ocrx_word' id='word_1_12' title='bbox 899 532 931 569; x_wconf 76' lang='lat'>³</span> 
     </span>
     <span class='ocr_line' id='line_1_3' title="bbox 158 600 859 717; baseline -0.003 -30"><span class='ocrx_word' id='word_1_13' title='bbox 158 628 346 687; x_wconf 86' lang='lat' dir='ltr'>Dardanium</span> <span class='ocrx_word' id='word_1_14' title='bbox 360 629 448 717; x_wconf 88' lang='lat' dir='ltr'>toties</span> <span class='ocrx_word' id='word_1_15' title='bbox 462 600 577 687; x_wconf 75' lang='lat' dir='ltr'>sudarit</span> <span class='ocrx_word' id='word_1_16' title='bbox 592 628 740 706; x_wconf 78' lang='lat' dir='ltr'>sanguine</span> <span class='ocrx_word' id='word_1_17' title='bbox 754 628 855 686; x_wconf 87' lang='lat' dir='ltr'>littus</span> <span class='ocrx_word' id='word_1_18' title='bbox 849 627 859 668; x_wconf 68' lang='lat'>²</span> 
     </span>
    </p>

    <p class='ocr_par' dir='ltr' id='par_1_3' title="bbox 158 721 999 893">
     <span class='ocr_line' id='line_1_4' title="bbox 159 721 986 799; baseline -0.004 -19"><span class='ocrx_word' id='word_1_19' title='bbox 159 721 227 781; x_wconf 89' lang='lat' dir='ltr'>Nou</span> <span class='ocrx_word' id='word_1_20' title='bbox 243 723 305 791; x_wconf 91' lang='lat' dir='ltr'>ita;</span> <span class='ocrx_word' id='word_1_21' title='bbox 330 741 459 799; x_wconf 90' lang='lat' dir='ltr'>namque</span> <span class='ocrx_word' id='word_1_22' title='bbox 474 721 530 779; x_wconf 90' lang='lat' dir='ltr'>etsi</span> <span class='ocrx_word' id='word_1_23' title='bbox 545 722 658 779; x_wconf 91' lang='lat' dir='ltr'>nullum</span> <span class='ocrx_word' id='word_1_24' title='bbox 672 722 864 780; x_wconf 81' lang='lat' dir='ltr'>memorabile</span> <span class='ocrx_word' id='word_1_25' title='bbox 879 739 986 779; x_wconf 91' lang='lat' dir='ltr'>nomen</span> 
     </span>
     <span class='ocr_line' id='line_1_5' title="bbox 158 814 999 893; baseline -0.002 -19"><span class='ocrx_word' id='word_1_26' title='bbox 158 814 339 875; x_wconf 78' lang='lat' dir='ltr'>Fosminea</span> <span class='ocrx_word' id='word_1_27' title='bbox 331 836 361 874; x_wconf 82' lang='lat' dir='ltr'>ru</span> <span class='ocrx_word' id='word_1_28' title='bbox 376 836 467 893; x_wconf 87' lang='lat' dir='ltr'>poena</span> <span class='ocrx_word' id='word_1_29' title='bbox 480 824 536 886; x_wconf 89' lang='lat' dir='ltr'>est,</span> <span class='ocrx_word' id='word_1_30' title='bbox 553 834 611 873; x_wconf 85' lang='lat' dir='ltr'>nec</span> <span class='ocrx_word' id='word_1_31' title='bbox 626 815 716 873; x_wconf 87' lang='lat' dir='ltr'>habet</span> <span class='ocrx_word' id='word_1_32' title='bbox 732 814 855 873; x_wconf 88' lang='lat' dir='ltr'>victoria</span> <span class='ocrx_word' id='word_1_33' title='bbox 868 814 999 885; x_wconf 87' lang='lat' dir='ltr'>laudem,</span> 
     </span>
    </p>
   </div>
   <div class='ocr_carea' id='block_1_3' title="bbox 143 909 965 1109">
    <p class='ocr_par' dir='ltr' id='par_1_4' title="bbox 143 909 965 1085">
     <span class='ocr_line' id='line_1_6' title="bbox 158 909 934 987; baseline -0.001 -19"><span class='ocrx_word' id='word_1_34' title='bbox 158 910 329 969; x_wconf 78' lang='lat' dir='ltr'>Extinxisse</span> <span class='ocrx_word' id='word_1_35' title='bbox 343 910 429 968; x_wconf 88' lang='lat' dir='ltr'>nesas</span> <span class='ocrx_word' id='word_1_36' title='bbox 442 918 553 981; x_wconf 82' lang='lat' dir='ltr'>tamen,</span> <span class='ocrx_word' id='word_1_37' title='bbox 571 918 600 967; x_wconf 91' lang='lat' dir='ltr'>et</span> <span class='ocrx_word' id='word_1_38' title='bbox 615 909 776 987; x_wconf 83' lang='lat' dir='ltr'>sumpsisse</span> <span class='ocrx_word' id='word_1_39' title='bbox 791 909 934 967; x_wconf 87' lang='lat' dir='ltr'>merentis</span> 
     </span>
     <span class='ocr_line' id='line_1_7' title="bbox 143 998 965 1109; baseline -0.002 -47"><span class='ocrx_word' id='word_1_40' title='bbox 143 998 320 1079; x_wconf 83' lang='lat' dir='ltr'>¹Laudabor</span> <span class='ocrx_word' id='word_1_41' title='bbox 333 1024 465 1083; x_wconf 86' lang='lat' dir='ltr'>poenas;</span> <span class='ocrx_word' id='word_1_42' title='bbox 489 1004 678 1109; x_wconf 80' lang='lat' dir='ltr'>animumque</span> <span class='ocrx_word' id='word_1_43' title='bbox 693 1001 830 1080; x_wconf 81' lang='lat' dir='ltr'>explesse</span> <span class='ocrx_word' id='word_1_44' title='bbox 848 1001 965 1085; x_wconf 83' lang='lat' dir='ltr'>juvabit</span> 
     </span>
    </p>
   </div>
   <div class='ocr_carea' id='block_1_4' title="bbox 157 1095 909 1170">
    <p class='ocr_par' dir='ltr' id='par_1_5' title="bbox 78 1088 909 1170">
     <span class='ocr_line' id='line_1_8' title="bbox 157 1095 909 1170; baseline -0.002 -14.192"><span class='ocrx_word' id='word_1_45' title='bbox 157 1096 281 1156; x_wconf 90' lang='lat' dir='ltr'>Ultricis</span> <span class='ocrx_word' id='word_1_46' title='bbox 295 1098 432 1170; x_wconf 79' lang='lat' dir='ltr'>flammae,</span> <span class='ocrx_word' id='word_1_47' title='bbox 450 1106 479 1155; x_wconf 89' lang='lat' dir='ltr'>et</span> <span class='ocrx_word' id='word_1_48' title='bbox 494 1098 611 1155; x_wconf 89' lang='lat' dir='ltr'>cineres</span> <span class='ocrx_word' id='word_1_49' title='bbox 625 1095 752 1155; x_wconf 80' lang='lat' dir='ltr'>satiasse</span> <span class='ocrx_word' id='word_1_50' title='bbox 766 1116 909 1155; x_wconf 87' lang='lat' dir='ltr'>meorum.</span> 
     </span>
    </p>
   </div>
   <div class='ocr_carea' id='block_1_5' title="bbox 79 1190 1034 4272">
    <p class='ocr_par' dir='ltr' id='par_1_6' title="bbox 79 1190 1034 4272">
     <span class='ocr_line' id='line_1_9' title="bbox 196 1190 910 1268; baseline -0.003 -18"><span class='ocrx_word' id='word_1_51' title='bbox 196 1191 286 1250; x_wconf 86' lang='lat' dir='ltr'>Talia</span> <span class='ocrx_word' id='word_1_52' title='bbox 302 1192 467 1268; x_wconf 79' lang='lat' dir='ltr'>jactabam,</span> <span class='ocrx_word' id='word_1_53' title='bbox 484 1201 513 1250; x_wconf 86' lang='lat' dir='ltr'>et</span> <span class='ocrx_word' id='word_1_54' title='bbox 528 1190 640 1251; x_wconf 82' lang='lat' dir='ltr'>furiata</span> <span class='ocrx_word' id='word_1_55' title='bbox 652 1200 751 1249; x_wconf 89' lang='lat' dir='ltr'>mente</span> <span class='ocrx_word' id='word_1_56' title='bbox 767 1191 910 1260; x_wconf 89' lang='lat' dir='ltr'>serebar;</span> 
     </span>
     <span class='ocr_line' id='line_1_10' title="bbox 79 1284 1031 1359; baseline -0.003 -14"><span class='ocrx_word' id='word_1_57' title='bbox 79 1340 100 1351; x_wconf 87' lang='grc'>,,</span> <span class='ocrx_word' id='word_1_58' title='bbox 158 1284 260 1355; x_wconf 81' lang='lat' dir='ltr'>Quum</span> <span class='ocrx_word' id='word_1_59' title='bbox 274 1286 344 1344; x_wconf 90' lang='lat' dir='ltr'>mihi</span> <span class='ocrx_word' id='word_1_60' title='bbox 359 1305 403 1359; x_wconf 91' lang='lat' dir='ltr'>se,</span> <span class='ocrx_word' id='word_1_61' title='bbox 419 1306 478 1344; x_wconf 91' lang='lat' dir='ltr'>nou</span> <span class='ocrx_word' id='word_1_62' title='bbox 493 1286 562 1344; x_wconf 77' lang='lat' dir='ltr'>ante</span> <span class='ocrx_word' id='word_1_63' title='bbox 578 1287 673 1344; x_wconf 89' lang='lat' dir='ltr'>oculis</span> <span class='ocrx_word' id='word_1_64' title='bbox 688 1293 750 1344; x_wconf 90' lang='lat' dir='ltr'>tam</span> <span class='ocrx_word' id='word_1_65' title='bbox 764 1286 858 1356; x_wconf 89' lang='lat' dir='ltr'>clara,</span> <span class='ocrx_word' id='word_1_66' title='bbox 875 1284 1031 1343; x_wconf 83' lang='lat' dir='ltr'>videndam</span> 
     </span>
     <span class='ocr_line' id='line_1_11' title="bbox 158 1378 890 1459; baseline -0.004 -20"><span class='ocrx_word' id='word_1_67' title='bbox 158 1380 283 1452; x_wconf 78' lang='lat' dir='ltr'>Obtulit,</span> <span class='ocrx_word' id='word_1_68' title='bbox 300 1388 330 1439; x_wconf 92' lang='lat' dir='ltr'>et</span> <span class='ocrx_word' id='word_1_69' title='bbox 344 1378 421 1457; x_wconf 73' lang='lat' dir='ltr'>puris</span> <span class='ocrx_word' id='word_1_70' title='bbox 435 1400 489 1459; x_wconf 87' lang='lat' dir='ltr'>per</span> <span class='ocrx_word' id='word_1_71' title='bbox 503 1391 622 1438; x_wconf 89' lang='lat' dir='ltr'>noctem</span> <span class='ocrx_word' id='word_1_72' title='bbox 636 1381 666 1438; x_wconf 93' lang='lat' dir='ltr'>in</span> <span class='ocrx_word' id='word_1_73' title='bbox 681 1381 748 1438; x_wconf 90' lang='lat' dir='ltr'>luce</span> <span class='ocrx_word' id='word_1_74' title='bbox 763 1379 890 1450; x_wconf 83' lang='lat' dir='ltr'>refulsit,</span> 
     </span>
     <span class='ocr_line' id='line_1_12' title="bbox 156 1471 932 1551; baseline -0.003 -19"><span class='ocrx_word' id='word_1_75' title='bbox 156 1473 245 1532; x_wconf 88' lang='lat' dir='ltr'>Alma</span> <span class='ocrx_word' id='word_1_76' title='bbox 260 1493 380 1551; x_wconf 89' lang='lat' dir='ltr'>parens,</span> <span class='ocrx_word' id='word_1_77' title='bbox 398 1475 536 1532; x_wconf 84' lang='lat' dir='ltr'>consessa</span> <span class='ocrx_word' id='word_1_78' title='bbox 551 1473 648 1544; x_wconf 89' lang='lat' dir='ltr'>deam,</span> <span class='ocrx_word' id='word_1_79' title='bbox 666 1473 823 1550; x_wconf 88' lang='lat' dir='ltr'>qualisque</span> <span class='ocrx_word' id='word_1_80' title='bbox 839 1471 932 1530; x_wconf 88' lang='lat' dir='ltr'>videri</span> 
     </span>
     <span class='ocr_line' id='line_1_13' title="bbox 157 1565 992 1643; baseline -0.004 -17"><span class='ocrx_word' id='word_1_81' title='bbox 157 1565 314 1627; x_wconf 86' lang='lat' dir='ltr'>Coelicolis</span> <span class='ocrx_word' id='word_1_82' title='bbox 328 1579 357 1625; x_wconf 92' lang='lat' dir='ltr'>et</span> <span class='ocrx_word' id='word_1_83' title='bbox 373 1575 484 1643; x_wconf 92' lang='lat' dir='ltr'>quanta</span> <span class='ocrx_word' id='word_1_84' title='bbox 505 1568 581 1625; x_wconf 89' lang='lat' dir='ltr'>solet</span> <span class='ocrx_word' id='word_1_85' title='bbox 596 1586 604 1637; x_wconf 93' lang='grc'><strong>;</strong></span> <span class='ocrx_word' id='word_1_86' title='bbox 627 1565 793 1642; x_wconf 72' lang='lat' dir='ltr'>dextrique</span> <span class='ocrx_word' id='word_1_87' title='bbox 812 1565 992 1643; x_wconf 89' lang='lat' dir='ltr'>prehensum</span> 
     </span>
     <span class='ocr_line' id='line_1_14' title="bbox 158 1659 922 1738; baseline -0.007 -17"><span class='ocrx_word' id='word_1_88' title='bbox 158 1660 322 1732; x_wconf 88' lang='lat' dir='ltr'>Continuit,</span> <span class='ocrx_word' id='word_1_89' title='bbox 339 1680 488 1738; x_wconf 86' lang='lat' dir='ltr'>roseoque</span> <span class='ocrx_word' id='word_1_90' title='bbox 502 1661 567 1718; x_wconf 84' lang='lat' dir='ltr'>haec</span> <span class='ocrx_word' id='word_1_91' title='bbox 582 1661 705 1737; x_wconf 84' lang='lat' dir='ltr'>insuper</span> <span class='ocrx_word' id='word_1_92' title='bbox 718 1659 829 1717; x_wconf 85' lang='lat' dir='ltr'>addidit</span> <span class='ocrx_word' id='word_1_93' title='bbox 848 1678 901 1716; x_wconf 92' lang='lat' dir='ltr'>ore</span> <span class='ocrx_word' id='word_1_94' title='bbox 914 1677 922 1715; x_wconf 76' lang='lat' dir='ltr'>t</span> 
     </span>
     <span class='ocr_line' id='line_1_15' title="bbox 195 1752 988 1851; baseline -0.008 -36"><span class='ocrx_word' id='word_1_95' title='bbox 195 1754 289 1827; x_wconf 87' lang='lat' dir='ltr'>Nate,</span> <span class='ocrx_word' id='word_1_96' title='bbox 305 1754 371 1851; x_wconf 88' lang='lat' dir='ltr'>quis</span> <span class='ocrx_word' id='word_1_97' title='bbox 392 1754 549 1813; x_wconf 89' lang='lat' dir='ltr'>indomitas</span> <span class='ocrx_word' id='word_1_98' title='bbox 562 1761 664 1812; x_wconf 82' lang='lat' dir='ltr'>tantus</span> <span class='ocrx_word' id='word_1_99' title='bbox 679 1753 763 1811; x_wconf 91' lang='lat' dir='ltr'>dolor</span> <span class='ocrx_word' id='word_1_100' title='bbox 777 1752 888 1810; x_wconf 84' lang='lat' dir='ltr'>excitat</span> <span class='ocrx_word' id='word_1_101' title='bbox 902 1752 963 1810; x_wconf 90' lang='lat' dir='ltr'>iras</span> <span class='ocrx_word' id='word_1_102' title='bbox 978 1752 988 1808; x_wconf 70' lang='grc' dir='ltr'><strong>Β</strong></span> 
     </span>
     <span class='ocr_line' id='line_1_16' title="bbox 156 1841 1001 1925; baseline -0.007 -17"><span class='ocrx_word' id='word_1_103' title='bbox 156 1846 240 1917; x_wconf 78' lang='lat' dir='ltr'>Quid</span> <span class='ocrx_word' id='word_1_104' title='bbox 254 1841 355 1908; x_wconf 84' lang='lat' dir='ltr'>suris?</span> <span class='ocrx_word' id='word_1_105' title='bbox 376 1856 428 1907; x_wconf 87' lang='lat' dir='ltr'>aut</span> <span class='ocrx_word' id='word_1_106' title='bbox 444 1848 573 1925; x_wconf 85' lang='lat' dir='ltr'>qudnam</span> <span class='ocrx_word' id='word_1_107' title='bbox 587 1847 681 1905; x_wconf 88' lang='lat' dir='ltr'>nostri</span> <span class='ocrx_word' id='word_1_108' title='bbox 695 1847 780 1905; x_wconf 94' lang='lat' dir='ltr'>tibi</span> <span class='ocrx_word' id='word_1_109' title='bbox 762 1865 837 1905; x_wconf 88' lang='lat' dir='ltr'>cura</span> <span class='ocrx_word' id='word_1_110' title='bbox 850 1844 997 1904; x_wconf 90' lang='lat' dir='ltr'>recessit.</span> <span class='ocrx_word' id='word_1_111' title='bbox 991 1845 1001 1880; x_wconf 71' lang='lat'>³</span> 
     </span>
     <span class='ocr_line' id='line_1_17' title="bbox 157 1910 965 2023; baseline -0.006 -21"><span class='ocrx_word' id='word_1_112' title='bbox 157 1941 230 2002; x_wconf 88' lang='lat' dir='ltr'>Nou</span> <span class='ocrx_word' id='word_1_113' title='bbox 243 1943 325 2023; x_wconf 80' lang='lat' dir='ltr'>priirs</span> <span class='ocrx_word' id='word_1_114' title='bbox 340 1942 500 2021; x_wconf 84' lang='lat' dir='ltr'>adspicies,</span> <span class='ocrx_word' id='word_1_115' title='bbox 516 1942 567 1999; x_wconf 86' lang='lat' dir='ltr'>ubi</span> <span class='ocrx_word' id='word_1_116' title='bbox 582 1910 693 2000; x_wconf 80' lang='lat' dir='ltr'>sessum</span> <span class='ocrx_word' id='word_1_117' title='bbox 708 1949 796 1999; x_wconf 83' lang='lat' dir='ltr'>aetate</span> <span class='ocrx_word' id='word_1_118' title='bbox 811 1948 965 2017; x_wconf 85' lang='lat' dir='ltr'>parentem</span> 
     </span>
     <span class='ocr_line' id='line_1_18' title="bbox 155 2033 948 2115; baseline -0.008 -18"><span class='ocrx_word' id='word_1_119' title='bbox 155 2036 298 2115; x_wconf 89' lang='lat' dir='ltr'>Liqueris</span> <span class='ocrx_word' id='word_1_120' title='bbox 309 2035 490 2095; x_wconf 81' lang='lat' dir='ltr'>Anchisen?</span> <span class='ocrx_word' id='word_1_121' title='bbox 512 2044 633 2112; x_wconf 89' lang='lat' dir='ltr'>superet</span> <span class='ocrx_word' id='word_1_122' title='bbox 655 2035 800 2113; x_wconf 86' lang='lat' dir='ltr'>eonjuxne</span> <span class='ocrx_word' id='word_1_123' title='bbox 817 2033 948 2105; x_wconf 88' lang='lat' dir='ltr'>Creiisa,</span> 
     </span>
     <span class='ocr_line' id='line_1_19' title="bbox 154 2128 963 2209; baseline -0.006 -18"><span class='ocrx_word' id='word_1_124' title='bbox 154 2131 367 2209; x_wconf 84' lang='lat' dir='ltr'>Ascaniusque</span> <span class='ocrx_word' id='word_1_125' title='bbox 383 2129 482 2209; x_wconf 87' lang='lat' dir='ltr'>puer?</span> <span class='ocrx_word' id='word_1_126' title='bbox 506 2149 581 2206; x_wconf 92' lang='lat' dir='ltr'>quos</span> <span class='ocrx_word' id='word_1_127' title='bbox 597 2149 701 2187; x_wconf 91' lang='lat' dir='ltr'>omnes</span> <span class='ocrx_word' id='word_1_128' title='bbox 716 2128 844 2205; x_wconf 91' lang='lat' dir='ltr'>undique</span> <span class='ocrx_word' id='word_1_129' title='bbox 859 2128 963 2187; x_wconf 70' lang='lat' dir='ltr'>Graiae</span> 
     </span>
     <span class='ocr_line' id='line_1_20' title="bbox 157 2222 948 2295; baseline -0.009 -10"><span class='ocrx_word' id='word_1_130' title='bbox 157 2224 283 2286; x_wconf 88' lang='lat' dir='ltr'>Circum</span> <span class='ocrx_word' id='word_1_131' title='bbox 297 2234 398 2284; x_wconf 90' lang='lat' dir='ltr'>errant</span> <span class='ocrx_word' id='word_1_132' title='bbox 414 2225 496 2283; x_wconf 89' lang='lat' dir='ltr'>acies</span> <span class='ocrx_word' id='word_1_133' title='bbox 513 2244 520 2294; x_wconf 94' lang='lat'>;</span> <span class='ocrx_word' id='word_1_134' title='bbox 544 2237 585 2295; x_wconf 94' lang='lat' dir='ltr'>et,</span> <span class='ocrx_word' id='word_1_135' title='bbox 602 2224 631 2281; x_wconf 92' lang='lat' dir='ltr'>ni</span> <span class='ocrx_word' id='word_1_136' title='bbox 648 2243 715 2281; x_wconf 89' lang='lat' dir='ltr'>mea</span> <span class='ocrx_word' id='word_1_137' title='bbox 730 2242 804 2280; x_wconf 90' lang='lat' dir='ltr'>eura</span> <span class='ocrx_word' id='word_1_138' title='bbox 818 2222 948 2293; x_wconf 87' lang='lat' dir='ltr'>resistat,</span> 
     </span>
     <span class='ocr_line' id='line_1_21' title="bbox 154 2315 967 2387; baseline -0.004 -10"><span class='ocrx_word' id='word_1_139' title='bbox 154 2318 224 2378; x_wconf 86' lang='lat' dir='ltr'>Jam</span> <span class='ocrx_word' id='word_1_140' title='bbox 246 2319 372 2377; x_wconf 72' lang='lat' dir='ltr'>flammae</span> <span class='ocrx_word' id='word_1_141' title='bbox 387 2318 518 2387; x_wconf 90' lang='lat' dir='ltr'>tulerint,</span> <span class='ocrx_word' id='word_1_142' title='bbox 536 2318 672 2375; x_wconf 89' lang='lat' dir='ltr'>iuimicus</span> <span class='ocrx_word' id='word_1_143' title='bbox 688 2325 716 2374; x_wconf 90' lang='lat' dir='ltr'>et</span> <span class='ocrx_word' id='word_1_144' title='bbox 730 2317 863 2373; x_wconf 84' lang='lat' dir='ltr'>hauserit</span> <span class='ocrx_word' id='word_1_145' title='bbox 878 2315 967 2374; x_wconf 89' lang='lat' dir='ltr'>ensis.</span> 
     </span>
     <span class='ocr_line' id='line_1_22' title="bbox 154 2409 871 2488; baseline -0.006 -17"><span class='ocrx_word' id='word_1_146' title='bbox 154 2412 224 2471; x_wconf 86' lang='lat' dir='ltr'>Non</span> <span class='ocrx_word' id='word_1_147' title='bbox 238 2411 291 2468; x_wconf 93' lang='lat' dir='ltr'>tibi</span> <span class='ocrx_word' id='word_1_148' title='bbox 305 2410 488 2488; x_wconf 86' lang='lat' dir='ltr'>Tyndaridis</span> <span class='ocrx_word' id='word_1_149' title='bbox 502 2409 596 2467; x_wconf 86' lang='lat' dir='ltr'>iacies</span> <span class='ocrx_word' id='word_1_150' title='bbox 610 2409 707 2467; x_wconf 89' lang='lat' dir='ltr'>invisa</span> <span class='ocrx_word' id='word_1_151' title='bbox 720 2409 871 2480; x_wconf 64' lang='lat' dir='ltr'>Lacaenae,</span> 
     </span>
     <span class='ocr_line' id='line_1_23' title="bbox 155 2500 931 2581; baseline -0.003 -18"><span class='ocrx_word' id='word_1_152' title='bbox 155 2503 342 2581; x_wconf 88' lang='lat' dir='ltr'>Culpatusve</span> <span class='ocrx_word' id='word_1_153' title='bbox 357 2504 445 2561; x_wconf 90' lang='lat' dir='ltr'>Paris</span> <span class='ocrx_word' id='word_1_154' title='bbox 459 2522 467 2571; x_wconf 94' lang='lat'>;</span> <span class='ocrx_word' id='word_1_155' title='bbox 490 2500 592 2560; x_wconf 77' lang='lat' dir='ltr'>divim</span> <span class='ocrx_word' id='word_1_156' title='bbox 605 2502 806 2573; x_wconf 89' lang='lat' dir='ltr'>inclementia,</span> <span class='ocrx_word' id='word_1_157' title='bbox 824 2502 931 2574; x_wconf 77' lang='lat' dir='ltr'>divum,</span> 
     </span>
     <span class='ocr_line' id='line_1_24' title="bbox 154 2596 947 2673; baseline -0.001 -17"><span class='ocrx_word' id='word_1_158' title='bbox 154 2596 224 2656; x_wconf 87' lang='lat' dir='ltr'>Has</span> <span class='ocrx_word' id='word_1_159' title='bbox 238 2597 344 2654; x_wconf 85' lang='lat' dir='ltr'>evertit</span> <span class='ocrx_word' id='word_1_160' title='bbox 359 2616 441 2673; x_wconf 91' lang='lat' dir='ltr'>opes,</span> <span class='ocrx_word' id='word_1_161' title='bbox 458 2596 623 2672; x_wconf 86' lang='lat' dir='ltr'>sternitque</span> <span class='ocrx_word' id='word_1_162' title='bbox 639 2614 657 2653; x_wconf 92' lang='lat' dir='ltr'>a</span> <span class='ocrx_word' id='word_1_163' title='bbox 672 2596 800 2653; x_wconf 90' lang='lat' dir='ltr'>culmine</span> <span class='ocrx_word' id='word_1_164' title='bbox 814 2597 947 2672; x_wconf 86' lang='lat' dir='ltr'>Trojam.</span> 
     </span>
     <span class='ocr_line' id='line_1_25' title="bbox 154 2689 1034 2768; baseline 0 -19"><span class='ocrx_word' id='word_1_165' title='bbox 154 2689 307 2768; x_wconf 88' lang='lat' dir='ltr'>Adspice:</span> <span class='ocrx_word' id='word_1_166' title='bbox 331 2709 458 2765; x_wconf 87' lang='lat' dir='ltr'>namque</span> <span class='ocrx_word' id='word_1_167' title='bbox 473 2709 600 2760; x_wconf 88' lang='lat' dir='ltr'>omnem,</span> <span class='ocrx_word' id='word_1_168' title='bbox 619 2709 684 2764; x_wconf 81' lang='lat' dir='ltr'>quae</span> <span class='ocrx_word' id='word_1_169' title='bbox 700 2710 779 2747; x_wconf 91' lang='lat' dir='ltr'>nuuc</span> <span class='ocrx_word' id='word_1_170' title='bbox 794 2689 925 2748; x_wconf 89' lang='lat' dir='ltr'>obducta</span> <span class='ocrx_word' id='word_1_171' title='bbox 938 2690 1034 2750; x_wconf 90' lang='lat' dir='ltr'>tuenti</span> 
     </span>
     <span class='ocr_line' id='line_1_26' title="bbox 154 2784 922 2856; baseline 0 -13"><span class='ocrx_word' id='word_1_172' title='bbox 154 2784 300 2844; x_wconf 81' lang='lat' dir='ltr'>Mortales</span> <span class='ocrx_word' id='word_1_173' title='bbox 315 2784 478 2842; x_wconf 85' lang='lat' dir='ltr'>hebetat&#39;</span> <span class='ocrx_word' id='word_1_174' title='bbox 453 2803 534 2842; x_wconf 81' lang='lat' dir='ltr'>vrsus</span> <span class='ocrx_word' id='word_1_175' title='bbox 548 2784 612 2856; x_wconf 89' lang='lat' dir='ltr'>tibi,</span> <span class='ocrx_word' id='word_1_176' title='bbox 629 2793 658 2842; x_wconf 90' lang='lat' dir='ltr'>et</span> <span class='ocrx_word' id='word_1_177' title='bbox 673 2784 835 2842; x_wconf 87' lang='lat' dir='ltr'>humida</span> <span class='ocrx_word' id='word_1_178' title='bbox 809 2785 922 2843; x_wconf 76' lang='lat' dir='ltr'>circium</span> 
     </span>
     <span class='ocr_line' id='line_1_27' title="bbox 155 2878 910 2958; baseline -0.003 -19"><span class='ocrx_word' id='word_1_179' title='bbox 155 2878 288 2958; x_wconf 81' lang='lat' dir='ltr'>caligat,</span> <span class='ocrx_word' id='word_1_180' title='bbox 305 2881 415 2937; x_wconf 91' lang='lat' dir='ltr'>nubem</span> <span class='ocrx_word' id='word_1_181' title='bbox 429 2878 574 2955; x_wconf 87' lang='lat' dir='ltr'>eripiam·</span> <span class='ocrx_word' id='word_1_182' title='bbox 598 2887 629 2936; x_wconf 91' lang='lat' dir='ltr'>tu</span> <span class='ocrx_word' id='word_1_183' title='bbox 648 2899 685 2936; x_wconf 89' lang='lat' dir='ltr'>ne</span> <span class='ocrx_word' id='word_1_184' title='bbox 701 2899 761 2955; x_wconf 89' lang='lat' dir='ltr'>qua</span> <span class='ocrx_word' id='word_1_185' title='bbox 778 2879 910 2956; x_wconf 87' lang='lat' dir='ltr'>parentis</span> 
     </span>
     <span class='ocr_line' id='line_1_28' title="bbox 152 2973 845 3051; baseline -0.004 -18"><span class='ocrx_word' id='word_1_186' title='bbox 152 2973 247 3033; x_wconf 85' lang='lat' dir='ltr'>Jussa</span> <span class='ocrx_word' id='word_1_187' title='bbox 260 2973 342 3044; x_wconf 90' lang='lat' dir='ltr'>time,</span> <span class='ocrx_word' id='word_1_188' title='bbox 359 2992 418 3031; x_wconf 91' lang='lat' dir='ltr'>neu</span> <span class='ocrx_word' id='word_1_189' title='bbox 434 2973 591 3050; x_wconf 73' lang='lat' dir='ltr'>praeceptis</span> <span class='ocrx_word' id='word_1_190' title='bbox 606 2992 712 3051; x_wconf 87' lang='lat' dir='ltr'>parere</span> <span class='ocrx_word' id='word_1_191' title='bbox 727 2992 845 3031; x_wconf 83' lang='lat' dir='ltr'>recusa.</span> 
     </span>
     <span class='ocr_line' id='line_1_29' title="bbox 153 3066 834 3144; baseline -0.006 -17"><span class='ocrx_word' id='word_1_192' title='bbox 153 3066 227 3140; x_wconf 91' lang='lat' dir='ltr'>Hic,</span> <span class='ocrx_word' id='word_1_193' title='bbox 245 3068 293 3127; x_wconf 91' lang='lat' dir='ltr'>ubi</span> <span class='ocrx_word' id='word_1_194' title='bbox 309 3068 450 3144; x_wconf 88' lang='lat' dir='ltr'>disjectas</span> <span class='ocrx_word' id='word_1_195' title='bbox 465 3068 558 3125; x_wconf 90' lang='lat' dir='ltr'>moles</span> <span class='ocrx_word' id='word_1_196' title='bbox 573 3069 739 3144; x_wconf 85' lang='lat' dir='ltr'>avulsaque</span> <span class='ocrx_word' id='word_1_197' title='bbox 753 3067 834 3125; x_wconf 85' lang='lat' dir='ltr'>saxis</span> 
     </span>
     <span class='ocr_line' id='line_1_30' title="bbox 154 3160 958 3239; baseline -0.002 -19"><span class='ocrx_word' id='word_1_198' title='bbox 154 3163 234 3221; x_wconf 85' lang='lat' dir='ltr'>Saxa</span> <span class='ocrx_word' id='word_1_199' title='bbox 248 3162 341 3231; x_wconf 88' lang='lat' dir='ltr'>vides,</span> <span class='ocrx_word' id='word_1_200' title='bbox 357 3162 507 3238; x_wconf 86' lang='lat' dir='ltr'>mixtoque</span> <span class='ocrx_word' id='word_1_201' title='bbox 523 3161 684 3220; x_wconf 90' lang='lat' dir='ltr'>undantem</span> <span class='ocrx_word' id='word_1_202' title='bbox 698 3162 821 3239; x_wconf 89' lang='lat' dir='ltr'>pulvere</span> <span class='ocrx_word' id='word_1_203' title='bbox 836 3160 958 3233; x_wconf 92' lang='lat' dir='ltr'>sumum,</span> 
     </span>
     <span class='ocr_line' id='line_1_31' title="bbox 154 3255 861 3334; baseline -0.003 -20"><span class='ocrx_word' id='word_1_204' title='bbox 154 3256 313 3334; x_wconf 90' lang='lat' dir='ltr'>Neptunus</span> <span class='ocrx_word' id='word_1_205' title='bbox 328 3276 428 3313; x_wconf 88' lang='lat' dir='ltr'>muros</span> <span class='ocrx_word' id='word_1_206' title='bbox 442 3275 613 3334; x_wconf 86' lang='lat' dir='ltr'>magnoque</span> <span class='ocrx_word' id='word_1_207' title='bbox 630 3264 728 3314; x_wconf 89' lang='lat' dir='ltr'>emota</span> <span class='ocrx_word' id='word_1_208' title='bbox 741 3255 861 3313; x_wconf 92' lang='lat' dir='ltr'>tridenti</span> 
     </span>
     <span class='ocr_line' id='line_1_32' title="bbox 152 3347 955 3424; baseline 0 -18"><span class='ocrx_word' id='word_1_209' title='bbox 152 3347 361 3406; x_wconf 86' lang='lat' dir='ltr'>Fundamenta</span> <span class='ocrx_word' id='word_1_210' title='bbox 376 3349 481 3424; x_wconf 92' lang='lat' dir='ltr'>quatit,</span> <span class='ocrx_word' id='word_1_211' title='bbox 496 3357 648 3424; x_wconf 89' lang='lat' dir='ltr'>totamque</span> <span class='ocrx_word' id='word_1_212' title='bbox 662 3352 699 3407; x_wconf 91' lang='lat' dir='ltr'>ab</span> <span class='ocrx_word' id='word_1_213' title='bbox 714 3349 834 3407; x_wconf 91' lang='lat' dir='ltr'>sedibus</span> <span class='ocrx_word' id='word_1_214' title='bbox 849 3350 955 3407; x_wconf 90' lang='lat' dir='ltr'>urbem</span> 
     </span>
     <span class='ocr_line' id='line_1_33' title="bbox 152 3440 867 3519; baseline -0.001 -19"><span class='ocrx_word' id='word_1_215' title='bbox 152 3441 249 3501; x_wconf 84' lang='lat' dir='ltr'>Eruit.</span> <span class='ocrx_word' id='word_1_216' title='bbox 293 3440 356 3499; x_wconf 91' lang='lat' dir='ltr'>Hic</span> <span class='ocrx_word' id='word_1_217' title='bbox 371 3442 452 3499; x_wconf 89' lang='lat' dir='ltr'>Juuo</span> <span class='ocrx_word' id='word_1_218' title='bbox 468 3443 571 3499; x_wconf 68' lang='lat' dir='ltr'>Scaeas</span> <span class='ocrx_word' id='word_1_219' title='bbox 586 3442 750 3499; x_wconf 86' lang='lat' dir='ltr'>soevissimu</span> <span class='ocrx_word' id='word_1_220' title='bbox 766 3452 867 3519; x_wconf 89' lang='lat' dir='ltr'>portas</span> 
     </span>
     <span class='ocr_line' id='line_1_34' title="bbox 151 3535 975 3615; baseline 0 -21"><span class='ocrx_word' id='word_1_221' title='bbox 151 3535 253 3595; x_wconf 87' lang='lat' dir='ltr'>Prima</span> <span class='ocrx_word' id='word_1_222' title='bbox 266 3543 358 3605; x_wconf 89' lang='lat' dir='ltr'>tenet,</span> <span class='ocrx_word' id='word_1_223' title='bbox 375 3535 549 3611; x_wconf 90' lang='lat' dir='ltr'>sociumque</span> <span class='ocrx_word' id='word_1_224' title='bbox 566 3536 667 3593; x_wconf 84' lang='lat' dir='ltr'>furens</span> <span class='ocrx_word' id='word_1_225' title='bbox 682 3556 700 3593; x_wconf 86' lang='lat' dir='ltr'>a</span> <span class='ocrx_word' id='word_1_226' title='bbox 715 3537 840 3594; x_wconf 89' lang='lat' dir='ltr'>navibus</span> <span class='ocrx_word' id='word_1_227' title='bbox 856 3555 975 3615; x_wconf 84' lang='lat' dir='ltr'>agmen,</span> 
     </span>
     <span class='ocr_line' id='line_1_35' title="bbox 152 3624 525 3700; baseline -0.003 -12"><span class='ocrx_word' id='word_1_228' title='bbox 152 3629 248 3688; x_wconf 87' lang='lat' dir='ltr'>Ferro</span> <span class='ocrx_word' id='word_1_229' title='bbox 263 3624 412 3700; x_wconf 83' lang='lat' dir='ltr'>accincta,</span> <span class='ocrx_word' id='word_1_230' title='bbox 429 3638 525 3688; x_wconf 86' lang='lat' dir='ltr'>vocat.</span> 
     </span>
     <span class='ocr_line' id='line_1_36' title="bbox 150 3723 893 3802; baseline -0.001 -19"><span class='ocrx_word' id='word_1_231' title='bbox 150 3723 222 3783; x_wconf 83' lang='lat' dir='ltr'>Jam</span> <span class='ocrx_word' id='word_1_232' title='bbox 235 3743 365 3783; x_wconf 90' lang='lat' dir='ltr'>summas</span> <span class='ocrx_word' id='word_1_233' title='bbox 380 3742 468 3781; x_wconf 89' lang='lat' dir='ltr'>arces</span> <span class='ocrx_word' id='word_1_234' title='bbox 481 3723 629 3795; x_wconf 89' lang='lat' dir='ltr'>Tritonia,</span> <span class='ocrx_word' id='word_1_235' title='bbox 646 3725 773 3802; x_wconf 89' lang='lat' dir='ltr'>respice,</span> <span class='ocrx_word' id='word_1_236' title='bbox 790 3724 893 3783; x_wconf 86' lang='lat' dir='ltr'>Pallas</span> 
     </span>
     <span class='ocr_line' id='line_1_37' title="bbox 152 3816 863 3896; baseline 0.001 -21"><span class='ocrx_word' id='word_1_237' title='bbox 152 3816 275 3889; x_wconf 90' lang='lat' dir='ltr'>Insedit,</span> <span class='ocrx_word' id='word_1_238' title='bbox 292 3818 392 3875; x_wconf 88' lang='lat' dir='ltr'>nimbo</span> <span class='ocrx_word' id='word_1_239' title='bbox 407 3817 555 3895; x_wconf 84' lang='lat' dir='ltr'>effulgens</span> <span class='ocrx_word' id='word_1_240' title='bbox 570 3828 598 3875; x_wconf 90' lang='lat' dir='ltr'>et</span> <span class='ocrx_word' id='word_1_241' title='bbox 613 3818 756 3896; x_wconf 85' lang='lat' dir='ltr'>Gorgone</span> <span class='ocrx_word' id='word_1_242' title='bbox 772 3820 863 3876; x_wconf 70' lang='lat' dir='ltr'>saevi.</span> 
     </span>
     <span class='ocr_line' id='line_1_38' title="bbox 152 3910 907 3989; baseline 0 -19"><span class='ocrx_word' id='word_1_243' title='bbox 152 3910 221 3989; x_wconf 87' lang='lat' dir='ltr'>Ipse</span> <span class='ocrx_word' id='word_1_244' title='bbox 234 3911 327 3970; x_wconf 87' lang='lat' dir='ltr'>Pater</span> <span class='ocrx_word' id='word_1_245' title='bbox 340 3912 458 3969; x_wconf 89' lang='lat' dir='ltr'>Danais</span> <span class='ocrx_word' id='word_1_246' title='bbox 473 3913 587 3969; x_wconf 87' lang='lat' dir='ltr'>animos</span> <span class='ocrx_word' id='word_1_247' title='bbox 602 3913 742 3989; x_wconf 81' lang='lat' dir='ltr'>viresque</span> <span class='ocrx_word' id='word_1_248' title='bbox 756 3913 907 3970; x_wconf 87' lang='lat' dir='ltr'>secundas</span> 
     </span>
     <span class='ocr_line' id='line_1_39' title="bbox 152 3998 921 4082; baseline 0.001 -18"><span class='ocrx_word' id='word_1_249' title='bbox 152 3998 267 4064; x_wconf 84' lang='lat' dir='ltr'>Sufficit</span> <span class='ocrx_word' id='word_1_250' title='bbox 282 4024 290 4075; x_wconf 91' lang='lat'>;</span> <span class='ocrx_word' id='word_1_251' title='bbox 315 4006 378 4082; x_wconf 92' lang='lat' dir='ltr'>ipse</span> <span class='ocrx_word' id='word_1_252' title='bbox 394 4004 466 4063; x_wconf 90' lang='lat' dir='ltr'>deos</span> <span class='ocrx_word' id='word_1_253' title='bbox 481 4004 510 4063; x_wconf 91' lang='lat' dir='ltr'>iu</span> <span class='ocrx_word' id='word_1_254' title='bbox 525 4005 671 4063; x_wconf 84' lang='lat' dir='ltr'>Dardana</span> <span class='ocrx_word' id='word_1_255' title='bbox 685 4007 810 4064; x_wconf 91' lang='lat' dir='ltr'>suscitat</span> <span class='ocrx_word' id='word_1_256' title='bbox 827 4025 921 4065; x_wconf 88' lang='lat' dir='ltr'>arma.</span> 
     </span>
     <span class='ocr_line' id='line_1_40' title="bbox 151 4099 902 4179; baseline -0.001 -20"><span class='ocrx_word' id='word_1_257' title='bbox 151 4101 255 4179; x_wconf 85' lang='lat' dir='ltr'>Eripe,</span> <span class='ocrx_word' id='word_1_258' title='bbox 271 4109 351 4171; x_wconf 88' lang='lat' dir='ltr'>nate,</span> <span class='ocrx_word' id='word_1_259' title='bbox 369 4099 481 4179; x_wconf 83' lang='lat' dir='ltr'>sugam,</span> <span class='ocrx_word' id='word_1_260' title='bbox 498 4100 646 4176; x_wconf 90' lang='lat' dir='ltr'>finemque</span> <span class='ocrx_word' id='word_1_261' title='bbox 662 4100 778 4177; x_wconf 90' lang='lat' dir='ltr'>impone</span> <span class='ocrx_word' id='word_1_262' title='bbox 798 4101 902 4159; x_wconf 85' lang='lat' dir='ltr'>labori.</span> 
     </span>
     <span class='ocr_line' id='line_1_41' title="bbox 151 4188 981 4272; baseline 0 -19"><span class='ocrx_word' id='word_1_263' title='bbox 151 4193 309 4272; x_wconf 89' lang='lat' dir='ltr'>Nusquam</span> <span class='ocrx_word' id='word_1_264' title='bbox 323 4196 427 4265; x_wconf 86' lang='lat' dir='ltr'>abero,</span> <span class='ocrx_word' id='word_1_265' title='bbox 443 4202 472 4252; x_wconf 90' lang='lat' dir='ltr'>et</span> <span class='ocrx_word' id='word_1_266' title='bbox 486 4202 583 4251; x_wconf 91' lang='lat' dir='ltr'>tutum</span> <span class='ocrx_word' id='word_1_267' title='bbox 600 4194 696 4270; x_wconf 91' lang='lat' dir='ltr'>patrio</span> <span class='ocrx_word' id='word_1_268' title='bbox 710 4202 740 4252; x_wconf 91' lang='lat' dir='ltr'>te</span> <span class='ocrx_word' id='word_1_269' title='bbox 754 4194 854 4252; x_wconf 90' lang='lat' dir='ltr'>limine</span> <span class='ocrx_word' id='word_1_270' title='bbox 868 4188 981 4253; x_wconf 82' lang='lat' dir='ltr'>sistam.</span> 
     </span>
    </p>
   </div>
   <div class='ocr_carea' id='block_1_6' title="bbox 0 0 1350 5122">
    <p class='ocr_par' dir='ltr' id='par_1_7' title="bbox 0 0 1350 5122">
     <span class='ocr_line' id='line_1_42' title="bbox 0 0 1350 5122; baseline 0 1"><span class='ocrx_word' id='word_1_271' title='bbox 0 0 1350 5122; x_wconf 95' lang='lat' dir='ltr'> </span> 
     </span>
    </p>
   </div>
  </div>
 </body>
</html>
