2692 5122
179 403 239 462 320
423 398 430 408 '
468 396 494 444 Ρ.
512 396 680 444 VIRGILII
701 398 874 446 MARONIS

180 537 309 596 Nomine
324 555 411 595 avum
424 537 569 609 reserens,
586 537 684 595 animo
698 539 894 614 manibusque
909 544 1085 614 parentem

181 631 243 698 Qui
258 631 415 707 quondam,
432 639 533 688 castra
548 639 579 688 ut
594 629 734 688 Danatim
748 631 919 708 speculator
932 630 1039 703 adiret,

180 725 284 784 Ausus
296 725 407 782 Pelidae
423 725 549 802 pretium
563 725 620 782 sibi
635 744 760 802 poscere
774 744 881 783 currus
895 743 903 780 ε
1110 725 1173 784 ³5⁰

180 818 267 877 Illum
281 819 414 896 Tydides
428 819 487 877 alio
502 839 555 897 pro
568 819 678 877 talibus
692 820 774 877 ausis

179 913 289 971 Affecit
305 913 399 990 pretio
413 931 421 982 3
446 932 502 972 nec
516 914 603 989 equis
621 913 752 990 adspirat
767 913 903 971 Achillis.
948 900 958 919 ⁸

178 1005 273 1064 Hunc
287 1006 390 1083 procul
406 1014 437 1064 ut
451 1026 555 1083 campo
569 1007 691 1064 Turnus
705 1007 855 1084 prospexit
870 1013 983 1080 aperto,

180 1099 261 1159 Ante
277 1100 335 1157 levi
346 1100 450 1175 jaculo
464 1101 585 1178 longum
600 1120 653 1179 per
667 1101 755 1158 inane
770 1108 920 1170 secutua,·

179 1194 262 1252 Sistit
277 1214 371 1270 equos
386 1195 513 1273 bijuges,
531 1204 560 1252 et
574 1214 665 1253 curru
680 1195 787 1265 desilit,
805 1204 894 1270 atque
1110 1195 1173 1254 866

179 1288 339 1346 Semanimi
353 1289 497 1365 lapsoque
511 1290 693 1366 supervenit,
709 1298 739 1345 et
753 1288 828 1365 pede
843 1288 921 1346 collo

178 1379 339 1457 Impresso,
357 1382 468 1440 dextra
484 1401 655 1439 mucronem
670 1389 836 1457 extorquet,
853 1390 882 1439 et
898 1382 959 1439 alto

177 1475 358 1553 Fulgentem
372 1477 458 1554 tingit
468 1477 585 1554 jugulo,
603 1485 692 1552 atque
707 1477 772 1535 hmc
787 1477 908 1553 insuper
923 1474 1026 1535 addit:

176 1568 237 1639 En,
254 1589 353 1647 agros,
370 1579 398 1627 et
415 1590 503 1646 quarn
518 1571 607 1640 bello,
625 1569 768 1645 Trojane‚
785 1569 896 1646 petisti,

177 1661 359 1739 Hesperiam
375 1664 477 1721 metire
488 1664 618 1739 jacens:
642 1664 706 1721 hoec
721 1664 852 1740 praemia,
870 1665 920 1740 qui
934 1683 982 1723 me
1111 1665 1171 1724 880

177 1754 273 1814 Ferro
289 1756 354 1813 ausi
368 1765 495 1827 tentare,
512 1757 609 1815 serunt
625 1777 632 1826 ;
656 1758 700 1815 sic
714 1758 825 1815 moenia
839 1757 980 1818 condunt.

177 1848 261 1906 Huic
276 1850 413 1907 comitem
428 1851 574 1921 Asbuten‚
590 1850 729 1925 conjecti
743 1851 878 1928 cuspide,
893 1852 979 1910 mittit
992 1870 1000 1920 ;

178 1941 382 2018 Chloreaque,
400 1944 607 2020 Sybarimque,
624 1945 811 2020 Daretaque,
827 1945 1128 2024 Thersilochumque,

176 2035 217 2094 Et
232 2037 378 2094 sternacis
393 2038 462 2112 equi
476 2039 590 2115 lapsum
605 2039 724 2095 cervice
739 2036 929 2115 Thymoeten.

177 2131 223 2188 Ac
239 2132 318 2189 velut
333 2130 433 2189 Edoni
446 2131 553 2190 Boreae
569 2151 659 2207 quum
673 2133 793 2209 spiritua
812 2132 872 2189 alto
1110 2132 1171 2191 ³65

177 2222 300 2282 Insonat
314 2226 438 2304 AEgoeo,
455 2226 649 2301 sequiturque
665 2226 702 2283 ad
716 2226 816 2283 littora
830 2225 938 2283 fluctus
952 2244 960 2294 ;

178 2317 248 2385 Qua
264 2320 344 2376 venti
359 2317 533 2389 incubuere,
551 2319 651 2396 sugam
666 2319 737 2376 dant
751 2319 853 2376 nubila
867 2318 967 2376 coelo:

178 2412 227 2468 Sic
241 2412 357 2483 Turno,
375 2412 564 2488 qudcumque
579 2413 657 2470 viam
671 2421 766 2482 secat,
783 2412 904 2489 agmina
917 2411 1037 2483 cedunt,

177 2504 404 2582 Conversaeque
419 2515 508 2565 ruunt
524 2507 606 2564 acies
621 2526 628 2575 ;
655 2506 710 2563 sert
725 2506 852 2582 impetus
867 2506 972 2583 ipsum,

176 2598 216 2656 Et
232 2600 354 2656 cristam
368 2600 496 2657 adverso
510 2620 601 2657 curru
617 2600 709 2675 quatit
725 2619 799 2657 aura
812 2601 970 2658 volantem.

176 2692 246 2751 Non
260 2692 326 2750 tulit
340 2693 499 2750 instantem
513 2693 655 2771 Phegeus
670 2694 834 2769 animisque
851 2694 1023 2752 frementem
1037 2711 1045 2763 ;

176 2785 295 2860 Objecit
310 2805 377 2843 sese
394 2786 431 2843 ad
446 2805 578 2856 currum,
595 2796 624 2844 et
639 2788 807 2863 spumantia
821 2787 922 2844 fraenis

177 2877 242 2938 Ora
256 2880 414 2938 citatorum
428 2880 535 2938 dextris
548 2881 672 2938 detorsit
687 2900 840 2957 equorum.

176 2972 258 3031 Dum
271 2974 409 3045 trahitur,
423 2975 591 3052 pendetque
602 2976 694 3052 jugis,
712 2976 791 3032 hunc
806 2977 867 3032 lata
881 2982 1028 3033 retectum

176 3066 302 3126 Lancea
315 3070 518 3144 consequitur,
535 3069 703 3145 rumpitque
718 3069 808 3126 infixa
822 3069 940 3126 bilicem

175 3160 328 3232 Loricam,
344 3173 374 3220 et
388 3183 533 3220 summurn
548 3163 687 3241 degustat
701 3163 824 3221 vulnere
839 3181 957 3240 corpus.

177 3255 231 3314 llle
246 3266 346 3315 tamen
360 3259 467 3336 clypeo
481 3259 599 3334 objecto
613 3279 777 3317 conversus
791 3259 820 3316 in
835 3259 951 3316 hostem

177 3348 254 3419 Ibat,
272 3358 300 3407 et
316 3352 456 3409 auxilium
471 3352 560 3410 ducto
574 3371 716 3410 mucrone
733 3354 874 3429 petebat:

177 3441 278 3509 Quum
293 3452 357 3500 rota
374 3445 564 3521 praecipitem,
581 3454 610 3503 et
625 3465 769 3522 procursu
785 3446 920 3510 concitus
934 3443 998 3503 aris

176 3535 306 3614 Impulit,
322 3537 507 3612 effunditque
521 3539 606 3608 solo;
629 3540 812 3615 Turnusque
827 3549 959 3609 secutus,

177 3630 271 3689 Imam
286 3631 363 3688 inter
377 3631 496 3708 galeam
511 3633 616 3690 summi
631 3633 763 3691 thoracis
778 3642 807 3691 et
821 3653 901 3703 oras,

176 3725 307 3783 Abstulit
322 3743 394 3782 enee
408 3734 509 3801 caput,
524 3735 722 3803 truncumque
737 3727 855 3802 reliquit
870 3745 980 3785 arente.

216 3821 315 3894 Atque
330 3838 367 3876 ea
381 3818 450 3876 dum
465 3821 578 3896 campis
592 3821 689 3879 victor
702 3820 757 3878 dat
766 3822 870 3879 lunera
885 3820 1020 3893 Turnus,

176 3909 298 3969 Interea
312 3913 437 3970 AEnean
451 3912 637 3985 Mnestheus,
654 3924 683 3973 et
697 3915 774 3973 lidus
787 3915 931 3986 Achates,

175 4006 385 4081 Ascaniusque
401 4026 512 4077 comes,
529 4009 635 4065 caetris
648 4006 781 4068 statuere
796 4016 964 4080 cruentum,

176 4103 318 4161 Alternos
331 4100 422 4180 longi
437 4103 577 4161 nitentem
592 4104 715 4181 cuspide
730 4122 861 4182 gressus.

176 4198 279 4270 Saevit,
294 4205 324 4256 et
338 4197 467 4257 infracti
481 4198 610 4257 luctatur
623 4199 768 4258 arundine
781 4199 874 4257 telum
