2692 5122
499 830 692 879 1AE1tuluos
713 830 782 877 ΗΒ.
798 829 833 878 11.

183 969 326 1029 Perfusus
339 969 422 1028 sanie
438 970 526 1028 vittas
542 979 666 1047 atroque
681 989 817 1040 vencn03

183 1062 340 1123 Clamores
354 1064 440 1122 simul
454 1064 619 1121 horrendos
633 1064 670 1121 ad
685 1065 784 1122 sidera
797 1066 872 1125 tollit
887 1083 894 1120 :

184 1157 298 1225 Quales
312 1158 452 1235 mugitus,
468 1158 543 1235 sugit
556 1178 648 1235 ¹quum
662 1158 783 1215 saucius
797 1177 879 1215 eram

183 1250 311 1322 Taurus,
329 1260 358 1308 et
374 1252 518 1309 incertum
531 1251 661 1309 ericussit
676 1251 794 1308 cervice
809 1252 947 1311 securim.

182 1344 219 1401 At
233 1345 345 1421 gemini
359 1345 444 1421 lapsu
459 1345 583 1403 delubra
598 1336 635 1401 o'd
650 1364 764 1401 summu
778 1343 924 1402 dracones

181 1436 348 1515 Effugiant,
364 1457 512 1512 srevaeque
528 1446 630 1515 petunt
643 1437 807 1494 Tritonidis
824 1457 923 1496 arcem
939 1457 946 1508 3

182 1530 241 1588 Sub
261 1531 444 1607 pedibusque
459 1531 535 1600 defu,
552 1530 708 1607 clypeique
724 1533 779 1587 sub
794 1533 866 1587 orbe
880 1538 1029 1607 teguntur.

217 1623 297 1680 Tum
311 1622 382 1680 vord
397 1624 571 1680 tremefacta
592 1643 687 1680 novus
702 1642 755 1699 per
769 1632 891 1700 pectora
906 1624 1022 1683 cunctis

181 1714 313 1775 lusinuat
329 1736 422 1793 pavor
439 1736 446 1784 ;
471 1724 500 1773 et
515 1717 614 1773 scelus
628 1717 805 1793 expendisse
820 1725 982 1774 merentem

181 1807 353 1866 Laocoonta
373 1809 481 1879 serunt,
497 1828 616 1866 sacrum
631 1810 680 1885 qui
695 1809 818 1886 cuspide
832 1811 922 1867 robur

180 1899 315 1972 Laeserit,
333 1909 362 1958 et
377 1909 463 1979 tergo
477 1901 655 1958 sceleratam
670 1902 819 1959 intorserit
833 1900 959 1960 hastam.

180 1993 358 2052 Ducendum
372 1994 408 2051 sd
426 1994 514 2052 sedes
528 1995 728 2066 simulacrum,
744 1995 918 2070 orandaque
932 1994 1007 2053 divae

180 2085 207 2145 N
210 2088 310 2144 umine
325 2088 521 2146 conclament.

178 2179 345 2238 Dividimus
359 2201 468 2252 muros,
485 2190 514 2239 et
529 2182 639 2240 moenia
653 2182 807 2259 pandimus
822 2183 912 2241 urbis.

166 2275 348 2357 ,Accingunt
362 2295 464 2332 omnes
483 2276 575 2352 operi,
592 2276 775 2351 pedibusque
794 2286 927 2334 rotarum
1008 2342 1011 2347 ,
1069 2332 1072 2337 ,

160 2354 164 2359 ’
180 2368 342 2444 Subjiciunt
357 2367 470 2444 lapsus,
487 2376 515 2425 et
530 2376 655 2445 stuppea
670 2368 788 2425 vinculo
804 2369 881 2425 collo
957 2354 967 2363 ⁵

182 2458 348 2519 lntendunt.
393 2461 515 2518 Scandit
535 2461 633 2518 fatalis
647 2461 785 2518 machina
798 2481 908 2531 muros,

178 2553 266 2612 Foeta
280 2556 371 2612 armis
387 2573 393 2611 :
419 2553 502 2631 pueri
516 2553 628 2610 circium
644 2554 834 2629 innuptaeque
850 2554 956 2630 puellae

180 2648 272 2705 Sacra
290 2657 411 2718 canunt,
428 2648 588 2722 funemque
603 2666 691 2703 munu
707 2647 880 2723 contingere
895 2646 1034 2724 gsudent.

178 2740 234 2799 Ille
248 2742 336 2811 subit,
354 2741 518 2816 mediisque
534 2740 649 2797 minans
668 2740 798 2797 illabitur
812 2741 903 2799 urbi·

177 2833 206 2892 0
220 2835 315 2911 putria
332 2837 338 2890 !
361 2832 490 2891 odivdm
505 2833 609 2890 domus
624 2832 711 2890 Ilium
727 2836 733 2889 !
756 2842 784 2889 et
804 2833 914 2909 inclyta
929 2834 1007 2892 bello

177 2925 294 2984 Moenia
307 2923 535 2983 Dardanidum!
559 2935 666 3002 quater
680 2927 742 3002 ipso
758 2926 786 2983 in
801 2926 900 2984 limine
915 2936 1007 3003 portae

178 3020 332 3089 Substitit·
343 3028 431 3095 atque
446 3012 531 3077 utero
544 3020 672 3077 sonitum
688 3029 794 3096 quater
808 3040 891 3077 armo
906 3017 1027 3080 deddre.

178 3111 328 3170 lnstamus
341 3121 439 3170 tamen
459 3114 655 3183 immemores,
673 3115 805 3190 caeeique
821 3114 932 3184 surore,

178 3204 217 3263 m
232 3216 393 3263 monstrum
413 3206 513 3263 inselix
527 3205 649 3264 sacrutd
663 3207 792 3264 sistimus
807 3228 887 3265 arce.

177 3298 266 3357 Tunc
281 3300 370 3356 etium
384 3299 452 3356 lutis
467 3300 560 3375 aperit
575 3299 748 3357 Cassandra
763 3301 869 3357 suturis

177 3392 251 3461 Ora,
268 3392 315 3448 dei
332 3392 417 3466 jussu
433 3411 491 3449 nou
506 3411 637 3467 unquam
652 3392 765 3448 credita
778 3391 916 3449 Teucris.

177 3484 244 3542 Nos
257 3485 382 3541 delubra
394 3481 482 3541 desim
497 3485 606 3574 rqiseri,
622 3484 729 3558 quibus
743 3484 862 3540 ultimus
876 3490 955 3540 esset

179 3576 234 3634 llle
249 3577 322 3648 dies,
339 3577 417 3634 sestd
432 3577 566 3634 velamus
579 3576 682 3633 fronde
698 3595 751 3651 per
765 3577 877 3633 urbem.

218 3669 353 3728 Vertitur
367 3671 483 3728 interea
497 3670 615 3739 coelum,
633 3676 662 3725 et
679 3669 737 3726 ruit
752 3689 866 3726 oceano
880 3688 948 3741 nox,

178 3762 338 3821 Involvens
354 3762 459 3821 umbrd
476 3761 586 3841 magud
599 3771 779 3839 terramque,
797 3764 965 3840 polumque,

176 3855 456 3933 Myrmidonumque
472 3857 555 3914 dolos
572 3875 578 3913 :
604 3857 661 3914 susi
677 3877 729 3934 per
743 3859 852 3916 moenia
865 3857 978 3917 Teucri

178 3947 363 4009 Conticudrc
379 3970 386 4019 ;
411 3970 498 4027 sopor
512 3951 606 4008 fessos
621 3951 826 4027 complectitur
840 3960 931 4031 artus.

221 4044 258 4101 Et
275 4043 338 4119 jam
352 4045 466 4122 Argiva
481 4045 607 4121 phalanx
622 4045 773 4102 instructis
788 4045 913 4101 navibus
927 4045 988 4102 ibat

175 4136 210 4197 A
222 4137 358 4207 Tenedo,
375 4139 472 4194 tacitae
488 4157 540 4213 per
555 4138 652 4195 amica
666 4138 784 4194 silentia
799 4137 876 4195 lunae

175 4229 296 4289 Littora
314 4239 384 4288 nota
399 4241 501 4307 petens
515 4250 522 4299 3
546 4231 678 4288 flammas
692 4250 781 4306 quum
796 4232 881 4308 regio
894 4230 998 4308 puppis

175 4323 347 4394 Extulerst‚
364 4324 491 4400 satisque
506 4322 592 4381 desim
608 4324 747 4382 defensus
763 4324 870 4401 iniquis

176 4414 317 4474 Inclusus
332 4426 415 4475 utero
429 4417 555 4475 Danaos
568 4426 597 4475 et
613 4416 700 4493 pinea
714 4416 812 4475 surtim

174 4507 276 4569 Laxat
291 4510 423 4569 claustra
437 4512 538 4570 Sinon.
581 4510 653 4568 Illos
668 4512 834 4588 patefactus
849 4512 887 4569 ad
901 4528 991 4569 sures

174 4600 291 4661 Reddit
305 4623 402 4680 equus
417 4623 425 4674 ;
449 4604 566 4681 latique
582 4622 657 4662 cavo
671 4623 705 4663 sa
719 4606 825 4662 robore
840 4613 977 4682 promunt
