2692 5122
181 377 218 433 60
468 367 494 414 Ρ.
516 366 683 415 VlRGlLll
700 367 873 417 Mssoms

181 507 406 586 Continudque,
423 507 518 567 avidis
533 508 584 566 ubi
598 507 717 567 subdita
730 508 850 566 flamma
863 506 1010 580 medullis,

179 602 262 662 Vere
283 602 389 682 magis,
407 602 477 679 quia
494 621 566 660 vere
581 603 664 661 calor
678 602 754 661 redit
768 603 896 673 ossibus,
913 602 971 661 illas

179 697 243 758 Ore
257 716 360 755 omnes
374 716 470 755 versae
485 685 515 754 in
530 696 703 774 Zephyrum
716 704 796 755 stant
809 697 932 774 rupibus
946 693 1025 767 altis,

178 790 410 870 Exceptantque
425 791 507 848 leves
522 809 614 848 auras
629 809 637 859 ;
661 798 690 849 et
704 790 796 868 saepd,
812 790 876 848 sine
892 789 960 848 ullis

180 884 349 964 conjugiis,
366 893 455 944 vento
469 885 601 964 gravide
619 884 769 962 (mirabile
783 884 864 943 dictu
880 887 903 961 l)
1111 882 1171 940 2⁷5

179 981 261 1038 Sara
274 999 328 1058 per
341 987 371 1038 et
386 981 527 1058 scopulos
541 990 570 1039 et
585 980 745 1058 depressas
760 980 915 1038 convalles

177 1072 348 1152 Diffugiunt
366 1093 374 1144 ;
400 1093 471 1145 non,
487 1075 582 1146 Eure,
598 1083 677 1146 tuos,
694 1074 879 1150 nequesolis
894 1071 1029 1130 adortus
1044 1090 1052 1142 ς

178 1165 214 1225 In
228 1166 368 1240 Boream,
386 1166 593 1244 Caerumque,
609 1176 661 1225 aut
677 1167 754 1226 unde
769 1168 949 1246 nigerrimus
962 1166 1077 1225 Auster

79 1324 81 1331 ,
178 1257 334 1332 Nascitur,
351 1269 380 1319 et
401 1261 500 1339 pluvio
514 1262 670 1319 contristat
686 1261 798 1340 frigore
814 1261 933 1319 coelum.

146 1418 150 1423 ,
177 1352 242 1412 Hic
255 1354 384 1426 demum,
399 1355 592 1433 hippomanes
607 1374 678 1413 vero
694 1355 772 1431 quod
788 1355 906 1413 nomine
921 1353 1023 1411 dicunt
1112 1352 1172 1411 280

176 1446 331 1519 Pastores,
347 1448 460 1506 lentum
473 1448 603 1506 destillat
618 1450 656 1505 ab
671 1447 793 1526 inguine
808 1449 889 1505 virus
905 1465 911 1503 :

176 1538 395 1618 Hippomanes,
413 1540 491 1618 quod
506 1540 586 1619 saepd
601 1541 688 1599 malae
702 1539 805 1618 legire
820 1559 970 1612 novercae,

176 1633 426 1710 Miscueruntqua
441 1635 561 1706 herbas,
578 1643 608 1692 et
622 1654 681 1692 non
696 1634 817 1691 innoxia
831 1636 936 1691 verba.

217 1728 277 1787 Sed
298 1728 373 1806 sugit
386 1728 513 1800 interea,
529 1728 605 1807 sugit
620 1727 813 1805 irreparabile
827 1736 954 1805 tempus,

177 1821 303 1900 Singula
316 1820 387 1880 dum
400 1822 481 1901 capti
495 1821 766 1882 circumvectamur
779 1840 890 1880 amore.
1110 1822 1171 1880 285

176 1915 248 1975 Hoc
262 1915 336 1975 satis
351 1916 502 1975 armentis.
546 1917 674 1993 Superat
689 1934 759 1992 pars
773 1915 869 1973 altera
884 1932 976 1986 curae,

175 2008 345 2089 Lanigeros
359 2009 474 2088 agitare
489 2028 600 2088 greges
614 2009 766 2085 hirtasque
782 2008 924 2085 capellas.

176 2102 241 2162 Hic
254 2104 341 2162 labor
356 2122 364 2174 ;
388 2102 458 2163 hinc
472 2102 593 2162 laudern
605 2103 698 2161 sortes
712 2110 832 2180 sperate
847 2101 955 2160 coloni.

176 2196 207 2255 N
209 2216 245 2255 ec
260 2217 326 2255 sum
340 2197 430 2255 animi
445 2196 554 2255 dubius
568 2197 669 2254 verbis
684 2215 721 2254 ea
736 2196 856 2253 vincere
872 2213 1014 2273 magnum

178 2290 281 2357 Quem
294 2291 342 2362 sit,
358 2299 388 2349 et
403 2290 539 2368 angustis
553 2289 632 2347 hunc
647 2289 758 2347 addere
773 2291 864 2346 rebus
877 2290 1030 2349 honorem.
1052 2284 1055 2289 ’
1112 2290 1172 2348 290

178 2382 238 2441 Sed
252 2402 298 2440 me
312 2383 458 2441 Parnassi
471 2381 593 2440 deserta
607 2382 770 2460 perardua
784 2383 880 2440 dulcis

177 2475 291 2553 Raptat
306 2494 408 2533 amor:
427 2476 513 2550 juvat
527 2476 572 2533 ire
589 2475 682 2553 jugis,
701 2474 761 2551 qui
774 2476 857 2533 nulla
871 2476 1003 2555 priorum

178 2568 345 2629 Castaliam
362 2568 442 2625 molli
456 2567 621 2626 devertitur
633 2568 731 2626 orbita
744 2569 832 2628 clivo.

176 2661 278 2734 Nunc,
295 2661 468 2720 veneranda
481 2661 583 2732 Pales,
598 2680 708 2739 magno
723 2681 802 2720 nunc
817 2682 869 2721 ore
884 2662 1060 2724 sonandum.

217 2756 378 2835 Incipiens,
395 2757 520 2815 stabulis
534 2756 620 2815 edico
635 2757 664 2815 iu
679 2758 816 2816 mollibus
829 2759 954 2817 herbam
1110 2762 1172 2820 295

177 2849 316 2929 Carpere
330 2870 413 2922 oves,
430 2850 501 2909 dum
515 2870 583 2909 mox
597 2850 739 2909 frondosa
752 2852 906 2911 reducitur
920 2862 1010 2913 aestas
1026 2872 1035 2925 ς

175 2945 217 3005 Et
231 2944 326 3004 multi
338 2944 443 3004 duram
457 2943 568 3024 stipuld
582 2944 752 3022 filicumque
767 2947 903 3025 maniplis

48 3058 55 3071 ·
177 3042 319 3099 Sternere
333 3041 437 3098 subter
450 3040 581 3111 humum,
597 3039 713 3117 glacies
728 3060 765 3098 ne
780 3041 889 3119 frigida
903 3040 992 3101 laedat

175 3132 270 3194 Molle
284 3153 388 3212 pecus,
403 3133 597 3211 scabiemque
612 3133 699 3205 serat,
715 3141 878 3212 turpesque
893 3135 1053 3216 podagras.

176 3227 260 3300 Pdst,
276 3228 345 3286 hinc
359 3227 523 3305 digressus,
542 3227 635 3302 jubeo
648 3227 818 3286 frondentia
832 3230 932 3307 capris
1110 3230 1171 3289 300

176 3323 295 3381 Arbuta
308 3321 460 3392 sufficere,
476 3329 505 3379 et
524 3321 630 3379 fluvios
645 3324 780 3398 praebere
795 3333 933 3383 recentes
946 3344 955 3396 ;

175 3414 217 3473 Et
232 3415 349 3472 stabula
363 3433 381 3471 a
394 3412 491 3472 ventis
504 3413 630 3472 hiberno
644 3434 794 3492 opponere
809 3418 864 3474 soli

175 3507 224 3567 Ad
238 3507 368 3566 medium
382 3525 529 3567 conversa
542 3505 621 3565 diem
636 3527 644 3578 ;
669 3529 759 3585 quum
774 3509 899 3589 frigidus
913 3512 983 3571 olim

176 3601 198 3661 J
200 3621 248 3660 am
262 3601 351 3674 cadit,
368 3609 562 3678 extremoque
577 3601 686 3660 irrorat
700 3604 853 3680 Aquarius
868 3625 957 3666 anno.

216 3697 278 3756 Hae
293 3717 411 3775 quoque
426 3718 485 3757 non
500 3696 576 3759 curi
589 3700 675 3758 nobis
689 3700 800 3760 leviore
815 3702 933 3761 tuendae
950 3722 958 3775 ;
1111 3705 1171 3764 ³05

176 3793 206 3855 N
208 3813 244 3853 eo
264 3794 360 3854 minor
373 3816 446 3855 usus
460 3796 528 3868 erit,
546 3797 681 3873 quamvis
694 3797 815 3857 Milesia
829 3818 939 3879 magno

176 3887 301 3947 Vellera
317 3897 477 3961 mutentur,
493 3890 604 3968 Tyrios
618 3891 736 3951 incocta
754 3895 889 3953 rubores.

176 3981 309 4043 Densior
322 3983 392 4041 hinc
405 3984 535 4056 soboles,
551 3985 620 4044 hinc
635 3986 712 4065 largi
731 3987 818 4065 eopia
832 3987 928 4046 lactis.

177 4075 278 4146 Qutm
297 4076 394 4156 magis
408 4077 554 4137 exhausto
568 4082 749 4158 spumaverit
764 4083 856 4139 ubere
870 4083 1008 4159 mulctra,

176 4170 264 4233 Laeta
283 4170 379 4253 magis
393 4172 506 4252 pressis
519 4174 681 4235 manabunt
696 4175 817 4234 flumina
830 4177 973 4239 mammis.
1108 4185 1170 4244 310
