2692 5122
107 425 113 436 ,
174 375 235 435 302
459 367 486 413 Ρ.
508 365 675 415 VlRGlLIl
699 365 872 414 MARONIS

174 509 243 569 Nec
259 525 435 585 quemquam
450 506 563 565 incuso.
606 506 706 564 Potuit
719 515 788 581 quae
803 504 929 582 plurima
944 502 1038 562 virtus

83 637 86 644 ·
137 626 141 632 ·
175 604 265 675 Esse,
283 602 345 660 luit.
386 601 465 658 Toto
479 609 625 658 certatum
640 609 684 657 est
700 619 824 676 corpore
840 599 934 676 regni.

175 697 204 756 N
207 717 265 754 unc
281 695 368 767 adad,
386 715 451 772 quae
467 695 503 752 sit
518 695 616 752 dubioe
631 694 778 751 sententia
793 694 894 764 menti,

174 791 352 867 Expediam‚
370 797 399 846 et
413 790 528 866 paucis,
545 789 660 846 animos
674 787 823 857 adhibete,
840 785 965 844 docebo.
1106 783 1185 843 316-

174 885 231 943 Est
246 884 386 960 antiquus
401 903 475 960 ager
487 883 591 941 Tusco
604 882 675 939 mibi
690 881 838 958 proximus
852 880 942 950 amni,

174 976 301 1056 Longus
315 978 345 1035 in
359 996 511 1047 occasum,
528 977 602 1034 fines
617 995 707 1054 super
721 994 816 1051 usque
832 975 979 1032 Sicanos:

176 1073 312 1131 Aurunci
326 1072 491 1146 Rutulique
506 1079 619 1141 serunt,
637 1079 666 1127 et
681 1088 800 1127 vomere
814 1068 906 1126 duros

168 1165 329 1224 'Exercent
344 1166 447 1236 colles,
465 1174 555 1241 atque
570 1165 674 1222 borum
689 1163 853 1240 asperrima
869 1169 1005 1238 pascunt.

176 1259 256 1319 Haec
271 1260 364 1329 omnis
379 1259 474 1336 regio,
490 1268 519 1316 et
535 1259 608 1317 celsi
624 1260 712 1335 plaga
728 1258 815 1334 pinea
829 1256 946 1326 montis,
1106 1254 1168 1311 820

177 1352 276 1413 Cedat
291 1353 427 1427 amicitiae
442 1353 630 1410 Teucrorum
647 1371 654 1420 ;
678 1360 707 1408 et
722 1350 843 1410 soederis
857 1368 960 1425 aequas

176 1447 322 1504 Dicamus
337 1447 432 1523 leges,
449 1447 606 1522 sociosque
621 1447 651 1503 in
665 1464 759 1522 regna
774 1461 935 1502 vocemus:

178 1539 355 1610 Considunt,
372 1540 397 1597 si
411 1548 510 1597 tantus
526 1558 618 1609 amor,
635 1548 664 1595 et
679 1539 789 1596 moenia
802 1536 941 1595 condant.

177 1635 229 1692 Sin
245 1635 320 1690 alios
335 1634 409 1691 fines
425 1635 574 1708 aliamque
589 1651 750 1709 capessere
769 1641 890 1709 gentem

176 1729 232 1791 Est
247 1730 373 1798 animus,
390 1737 574 1806 poscuntque
590 1729 653 1786 solo
668 1727 815 1785 decedere
828 1735 929 1783 nostro
943 1744 951 1795 ;
1107 1726 1168 1784 aab

176 1822 229 1881 Bis
243 1824 336 1880 denas
352 1822 429 1880 Italo
442 1832 579 1880 texamus
593 1824 701 1880 robore
715 1840 818 1891 naves,

178 1917 237 1974 Seu
255 1917 354 1993 plures
370 1917 519 1992 complere
534 1917 652 1973 valent:
671 1916 754 1992 jacet
768 1915 864 1973 omnis
878 1915 914 1972 ad
930 1914 1041 1973 undam

176 2009 322 2067 Materies
339 2029 347 2080 ;
370 2010 427 2087 ipsi
441 2029 655 2085 numerumque
671 2010 849 2085 modumque
863 2008 975 2066 carinis

176 2104 380 2182 Praecipiant;
405 2125 459 2162 nos
474 2124 546 2175 aera,
564 2124 679 2175 manus,
696 2105 813 2162 navalia
826 2104 939 2161 demus.

176 2196 342 2270 Praeterea,
359 2199 409 2274 qui
423 2199 504 2256 dicta
517 2199 624 2268 serant,
641 2208 670 2256 et
686 2199 800 2257 soedera
819 2198 945 2267 firment,
1107 2198 1171 2254 330

178 2290 308 2351 Centum
323 2302 458 2351 oratores
473 2291 568 2369 prima
582 2292 618 2348 de
632 2301 722 2368 gente
736 2291 862 2349 Latinos

178 2384 227 2443 lre
243 2386 351 2462 placet,
367 2387 510 2463 pacisque
523 2404 613 2442 manu
628 2385 812 2462 praetendere
827 2403 947 2453 ramos;

176 2477 307 2536 Munera
321 2489 473 2556 portantes
488 2480 612 2554 aurique
629 2480 789 2555 eborisque
803 2481 926 2550 talenta,

176 2571 217 2630 Et
232 2573 336 2630 sellam
351 2574 436 2650 regni
449 2575 643 2648 trabeamque
659 2573 787 2649 insignia
807 2573 908 2630 nostri.

178 2663 336 2727 Consulite
351 2666 379 2722 in
395 2666 533 2735 medium,
549 2674 578 2722 et
593 2667 683 2723 rebus
698 2666 864 2723 succurrite
880 2665 976 2723 fessis.
1110 2665 1172 2724 336

217 2759 295 2815 Tum
309 2758 449 2815 Drances
464 2759 540 2816 idem
556 2759 699 2828 infensus,
717 2778 805 2834 quem
818 2758 916 2835 gloria
928 2758 1026 2816 Turni

178 2851 311 2928 obliqua
324 2851 435 2911 invidia
448 2853 634 2928 stimulisque
650 2853 782 2930 agitabat
798 2851 918 2922 amaris,

177 2944 298 3024 Largus
313 2967 411 3023 opum,
427 2957 456 3004 et
471 2946 574 3024 linguei
587 2947 702 3016 melior,
718 2946 770 3004 sed
786 2944 895 3023 frigida
908 2945 987 3004 bello

177 3040 326 3116 Dextera,
342 3041 475 3098 consiliis
490 3041 609 3098 habitus
622 3059 681 3098 non
695 3040 787 3098 sutilis
802 3048 916 3110 auctor,

179 3134 330 3195 Seditione
347 3144 472 3210 petens;
496 3155 593 3212 genus
607 3134 676 3192 huic
691 3144 826 3192 materna
840 3134 1001 3210 superbum
1111 3135 1174 3194 340

179 3226 329 3286 Nobilitas
345 3227 444 3298 dabat,
462 3233 607 3286 incertum
622 3229 659 3285 de
682 3237 764 3305 patre
781 3228 917 3295 serebat;

180 3320 293 3396 Surgit,
309 3329 338 3376 et
353 3321 399 3378 bis
413 3329 518 3378 onerat
532 3321 629 3391 dictis,
647 3334 736 3397 atque
751 3329 877 3398 aggerat
891 3321 972 3378 iras:

219 3412 298 3470 Rem
313 3413 385 3470 nulli
400 3415 568 3485 obscuram,
585 3427 694 3471 nostrae
709 3434 766 3472 nec
781 3415 864 3472 vocis
878 3423 1028 3492 egentem,

181 3506 334 3576 Consulis,
350 3526 367 3563 o
383 3508 536 3566 bouerex.
580 3507 692 3566 Cuncti
706 3527 738 3564 se
753 3509 831 3565 scire
847 3509 986 3579 latentur,

181 3601 262 3669 Quid
277 3603 395 3660 fortuna
409 3601 485 3659 serat
500 3603 620 3679 populi;
645 3602 697 3658 sed
711 3602 813 3660 dicere
828 3611 970 3662 mussant.
1110 3603 1172 3662 346

179 3693 241 3752 Det
257 3695 422 3752 libertatem
437 3695 526 3764 sandi,
541 3696 687 3771 flatusque
703 3696 842 3767 remittat,

181 3785 278 3863 Cujus
292 3790 329 3845 ob
345 3789 510 3865 auspicium
525 3788 685 3847 infaustum
700 3808 857 3866 moresque
875 3790 1011 3849 sinistros

182 3881 305 3956 (Dicam
319 3881 467 3956 equidem,
484 3881 553 3940 licet
567 3901 651 3940 arma
664 3883 735 3940 mibi
749 3892 931 3960 mortemque
945 3885 1089 3963 minetur)

179 3973 310 4035 Lumina
323 3983 365 4033 tot
380 3975 525 4035 cecidisse
541 3975 661 4047 ducum,
677 3986 827 4053 totamque
844 3977 977 4037 videmus

181 4067 365 4131 Coasedisse
379 4070 483 4127 urbem
496 4070 589 4139 luctu,
606 4069 783 4129 dumTrota
797 4078 890 4128 tentat
1110 4071 1171 4130 360

182 4162 303 4236 Castra,
320 4164 400 4243 sugas
412 4163 518 4238 fidens,
534 4173 564 4224 et
577 4166 688 4225 coelum
696 4166 816 4225 territat
830 4165 930 4225 armis.
