2692 5122
510 768 772 835 AENBIDOSMR
787 773 834 824 11.
1097 779 1155 835 282

176 907 344 986 oppetiisse
357 908 416 966 tuis
428 925 435 965 τ
459 909 580 985 primam
594 910 672 969 hanc
685 911 738 970 tibi
752 930 878 991 magnus
891 912 999 991 Apollo

176 1001 323 1062 Concedit
338 1002 465 1073 laudem,
482 1011 510 1060 et
526 1004 647 1079 paribus
661 1024 717 1062 non
732 1006 841 1064 invidet
855 1007 953 1066 armis.
1095 1006 1155 1065 656

175 1094 297 1155 Caetera
312 1113 412 1172 parea,
428 1115 511 1172 puer,
529 1097 616 1156 bello.
659 1098 709 1155 Sic
723 1117 809 1156 orsus
823 1101 930 1176 Apollo

174 1189 320 1248 Mortales
334 1188 430 1246 medio
445 1189 604 1265 adspectus
618 1209 753 1248 sermone
767 1193 896 1268 reliquit,

175 1283 215 1342 Et
228 1280 333 1359 procul
347 1281 377 1338 in
390 1289 509 1340 tenuem
523 1300 560 1340 ex
574 1284 669 1341 oculis
686 1286 805 1342 evanuit
822 1304 934 1345 auram.

176 1374 336 1454 Αςιιοιὲιθ
350 1373 438 1433 deum
452 1395 592 1453 proceres
605 1376 763 1452 divinaque
776 1379 838 1437 tela

176 1467 369 1540 Dardanidas,
384 1468 612 1546 pharetramque
626 1469 699 1548 fugai
713 1469 835 1530 sensdre
848 1478 1010 1530 sonantem.
1098 1470 1157 1528 660

177 1562 258 1640 Ergo
275 1563 392 1621 avidum
406 1582 524 1640 pugnae,
540 1562 626 1621 dictis
640 1582 677 1621 ac
691 1565 809 1621 numine
826 1564 943 1635 Phoebi,

178 1654 340 1713 Ascanium
355 1655 531 1731 prohibent:
555 1656 608 1732 ipsi
623 1656 652 1712 in
666 1657 829 1714 certamina
842 1674 946 1715 rursus

179 1747 359 1818 Succedunt,
376 1748 551 1823 animosque
566 1748 595 1805 in
611 1755 712 1825 aperta
727 1749 860 1826 pericula
872 1748 998 1807 mittunt.

179 1838 205 1900 lt
218 1840 331 1898 elamor
344 1841 412 1899 totis
427 1858 480 1917 per
493 1842 717 1918 propugnacula
730 1841 842 1900 muris:

179 1930 337 1990 lntendunt
352 1951 438 1990 acres
452 1952 551 2003 arcus,
568 1943 746 2010 amentaque
761 1942 908 2010 torquent.
1099 1934 1157 1993 666

179 2025 325 2083 Sternitur
337 2045 422 2083 omne
437 2026 531 2083 solum
544 2026 612 2084 telis
627 2044 634 2083 :
655 2034 716 2085 tum
731 2036 816 2087 scuta
831 2045 974 2103 cavasque

178 2116 258 2175 Dant
273 2118 399 2176 sonitum
412 2118 493 2177 flictu
508 2120 604 2196 galeae
618 2138 626 2175 ε
649 2139 749 2197 pugno
763 2139 867 2197 aspera
881 2121 977 2198 surgit
990 2138 998 2189 3
1096 2162 1097 2166 ,

179 2209 317 2277 Quantus
332 2212 369 2268 ab
384 2230 491 2269 occasu
507 2212 641 2283 veniens,
659 2213 835 2289 pluvialibus
849 2213 966 2283 Haedis,

179 2300 326 2361 Verberat
340 2303 434 2362 imber
447 2304 566 2362 humum
582 2305 704 2383 equum
717 2304 810 2362 multat
824 2304 967 2382 grandine
981 2303 1073 2362 nimbi

180 2395 215 2455 ln
228 2397 305 2455 vada
319 2398 513 2475 praecipitant,
531 2416 620 2473 quum
633 2397 751 2474 Jupiter
764 2397 899 2457 horridus
913 2397 1022 2455 austris
1100 2398 1160 2455 utu
1263 2439 1265 2444 -

181 2487 313 2566 Torquet
327 2509 468 2566 aquosam
483 2490 619 2560 hiemem,
637 2499 666 2546 et
680 2491 757 2548 coelo
771 2508 847 2546 cava
860 2489 963 2547 nubila
976 2487 1093 2568 rumpit.

217 2583 374 2641 Pandarus
388 2594 417 2641 et
431 2584 535 2654 Bitias,
553 2583 633 2640 Idaeo
648 2583 798 2641 Alcanore
812 2584 897 2654 creti,

180 2674 265 2743 Quos
278 2676 363 2734 Joris
377 2676 477 2733 eduxit
492 2676 560 2733 luco
574 2675 718 2732 silvestris
732 2675 819 2746 laera,

180 2769 335 2826 Abietibus
345 2769 473 2844 juvenes
487 2768 590 2844 patriis
604 2776 633 2826 et
647 2768 793 2826 montibus
807 2787 921 2845 aequos,

179 2859 309 2935 Portam,
325 2881 391 2937 qum
405 2862 489 2919 ducis
503 2862 626 2939 imperio
640 2862 806 2933 commissa,
822 2862 978 2921 recludunt
1100 2862 1160 2923 utu

179 2953 262 3011 Freti
277 2955 376 3023 armis,
392 2955 526 3028 ultroque
543 2954 665 3011 invitant
679 2954 826 3012 moenibus
839 2955 963 3014 hostem.

180 3045 240 3123 Ipsi
254 3047 332 3104 intus
346 3045 451 3104 dextrd
464 3066 501 3104 ac
515 3046 591 3105 laevt
604 3066 657 3124 pro
671 3048 801 3106 turribus
816 3048 943 3120 adstant,

179 3140 293 3197 Armati
309 3140 396 3210 ferro,
414 3148 442 3197 et
456 3140 554 3197 cristis
567 3140 665 3216 capita
679 3141 738 3197 alta
753 3142 891 3199 corusci:

180 3231 295 3299 Quales
309 3233 399 3302 adriae
412 3232 554 3308 liquentia
567 3232 687 3290 flumina
701 3233 824 3304 circum,

179 3325 249 3383 Sive
263 3325 335 3382 Padi
350 3325 431 3402 ripis,
447 3325 582 3383 Athesim
596 3343 649 3382 seu
664 3334 783 3402 propter
796 3345 957 3401 amoenum,
1101 3328 1160 3385 666

181 3416 372 3496 Consurgunt
387 3419 512 3495 geminae
528 3436 667 3492 quercus,
684 3417 859 3493 intonsaque
873 3420 952 3477 coelo

179 3512 324 3568 Attollunt
339 3512 448 3588 capita,
467 3519 496 3567 et
510 3509 627 3566 sublimi
640 3510 752 3566 vertice
766 3518 879 3567 nutant.

181 3602 359 3680 Irrumpunt,
375 3603 472 3660 aditus
486 3600 590 3659 Rutuli
605 3609 635 3658 ut
649 3600 749 3658 vidire
764 3608 908 3678 patentes.

180 3694 329 3754 Continud
345 3695 513 3764 Quercens,
531 3702 560 3751 et
574 3694 698 3770 pulcher
710 3694 874 3770 Aquiculus
889 3695 988 3766 armis,

179 3787 219 3847 Et
233 3808 366 3866 praeceps
380 3787 468 3844 animi
481 3787 621 3856 umarus,
638 3793 666 3843 et
680 3785 845 3844 Mavortius
858 3786 999 3861 Haemon,
1100 3792 1158 3851 666

179 3880 357 3958 Agminibus
370 3881 438 3938 totis
452 3887 502 3937 aut
517 3879 595 3936 versi
610 3887 695 3956 terga
709 3877 828 3949 deddre,

180 3972 241 4031 Aut
257 3973 321 4050 ipso
335 3982 426 4050 portae
442 3970 569 4050 posuere
584 3972 613 4030 in
628 3972 726 4030 limine
740 3973 839 4030 vitam.

179 4068 257 4127 Tum
271 4069 366 4145 magis
379 4069 549 4127 increscunt
563 4067 667 4126 animis
681 4067 867 4127 discordibus
880 4069 954 4141 irte3

179 4161 219 4218 Et
227 4161 289 4236 jem
304 4161 421 4220 collecti
434 4162 531 4219 Trois
545 4162 746 4239 glomerantur
760 4160 873 4231 eodem,

179 4253 219 4313 m
230 4254 368 4313 conferre
382 4263 545 4312 manumet
559 4273 734 4331 procurrere
749 4253 865 4330 longius
880 4255 1000 4333 pudent.

202 4379 204 4383 ,
216 4347 345 4407 Ductori
358 4346 472 4419 Turno,
488 4345 607 4405 diversi
621 4347 651 4404 in
665 4355 746 4423 parte
761 4347 880 4418 furenti,

178 4439 383 4517 Turbantique
397 4443 487 4512 viros,
504 4441 650 4518 perfertur
663 4441 792 4510 nuntius,
808 4440 923 4499 hostem

178 4531 309 4592 Fervere
324 4534 406 4592 cade
420 4532 508 4605 noval,
525 4542 554 4592 et
569 4541 667 4611 portas
680 4533 814 4610 praebere
829 4539 973 4608 patentes.
1006 4603 1011 4612 Χ
