2692 5122
216 369 256 435 m
517 365 544 412 Ρ.
559 364 722 413 vulmari
741 364 911 422 Minonis

217 501 310 562 Esset
328 503 445 582 rubigo,
461 504 623 582 segnisque
636 505 771 564 horreret
785 505 815 565 in
829 505 908 565 arvis

207 595 360 657 'Carduus
375 616 382 654 :
404 598 554 657 intereunt
568 607 688 677 segetes
701 618 709 668 ;
732 600 811 658 subit
825 617 933 682 aspera
945 598 1030 670 silva,

218 689 391 768 Lappaeque
405 692 564 768 tribulique
579 712 587 761 3
610 692 746 769 interque
760 694 884 752 nitentia
897 693 979 753 culta

219 783 326 843 Infelix
340 786 439 844 lolium
454 795 484 844 et
497 786 615 844 steriles
628 786 816 845 dominantur
829 806 942 846 avene.

219 876 309 949 Qudd
330 879 386 937 nisi
400 889 430 938 et
443 880 571 939 assiduis
584 889 695 939 terram
709 881 894 939 insectabere
909 879 1024 950 rastris,
1147 880 1203 938 156

218 970 259 1030 Et
272 972 370 1030 sonitu
384 974 513 1032 terrebis
527 993 608 1045 aves,
625 982 654 1032 et
668 974 747 1032 ruris
761 975 846 1052 opaci

217 1062 312 1124 Falce
327 1085 444 1143 premes
458 1069 588 1138 umbras,
605 1068 741 1144 votisque
755 1067 911 1127 vocaveris
925 1068 1059 1137 imbrem,

216 1157 291 1219 Heu
306 1162 313 1218 l
335 1179 476 1238 magnum
489 1161 612 1220 alterius
626 1160 737 1220 frustra
749 1161 899 1238 spectabis
913 1178 1065 1229 acervum,

218 1249 439 1330 Concussdque
453 1254 561 1314 famem
575 1254 605 1313 in
619 1254 701 1313 silvis
715 1254 852 1313 solabere
868 1272 990 1330 quercu.

256 1345 426 1404 Dicendum
440 1355 470 1405 et
484 1367 550 1424 quae
564 1349 622 1406 sint
636 1346 718 1406 duris
731 1347 900 1426 agrestibus
913 1364 1005 1417 arma,
1146 1346 1202 1404 160

218 1438 314 1507 Queis
328 1440 392 1498 sine
407 1460 463 1499 nec
478 1438 601 1519 potuere
616 1441 676 1499 seri
696 1460 753 1499 nec
766 1459 891 1519 surgere
905 1456 1041 1498 messes:

217 1533 331 1606 Vomia,
348 1544 377 1594 et
391 1535 491 1593 inflexi
511 1533 636 1613 primum
650 1554 742 1613 grave
757 1535 847 1592 robur
860 1533 963 1604 aratri,

216 1625 379 1704 Tardaque
393 1627 545 1686 Eleusinae
559 1627 661 1686 matris
676 1626 823 1685 volventia
836 1627 980 1703 plaustra,

216 1719 412 1796 Tribulaque‚
428 1721 612 1797 trabemque,
629 1727 658 1778 et
679 1720 780 1796 iniquo
795 1719 924 1797 pondere
939 1719 1028 1777 rastri
1042 1738 1053 1788 ;

217 1811 332 1890 virgea
346 1823 493 1891 praeterea
506 1813 594 1874 Celei
608 1815 732 1890 vilisque
747 1815 892 1891 supellex,
1145 1812 1199 1870 165

167 1898 170 1903 ’
215 1907 359 1967 Arbuteae
374 1917 483 1980 crates,
498 1917 528 1966 et
542 1909 668 1986 mystica
682 1928 795 1967 vannus
810 1908 912 1967 lucebi
927 1926 934 1964 :

216 2000 325 2059 Omnia
340 2021 406 2077 quae
420 2001 511 2060 multd
527 2001 597 2060 ante
611 2021 722 2060 memor
736 2002 855 2080 provisa
867 2019 1004 2079 repones,

217 2093 292 2152 site
307 2094 397 2172 digna
411 2103 510 2153 manet
524 2095 614 2154 divini
627 2095 724 2174 gloria
736 2095 824 2154 ruris.

257 2186 407 2246 Continud
423 2187 453 2246 in
467 2188 548 2246 silvis
562 2187 673 2267 magni
687 2188 714 2246 vi
728 2189 806 2246 flexa
819 2188 955 2246 domatur

216 2278 253 2339 In
266 2280 373 2350 burim,
390 2289 419 2337 et
433 2282 517 2339 curvi
535 2281 657 2339 sormam
671 2280 778 2357 accipit
794 2281 890 2338 ulmus
904 2279 1005 2337 aratri.
1144 2281 1201 2337 110

216 2371 300 2430 Huic
315 2391 333 2428 a
347 2373 438 2449 stirpe
453 2373 544 2449 pedes
557 2383 635 2431 temo
651 2381 803 2449 protentus
818 2373 847 2430 in
861 2381 939 2442 octo,

215 2463 300 2523 Binae
316 2483 415 2535 aures,
432 2464 541 2541 duplici
556 2474 694 2542 aptantur
708 2465 839 2523 dentalia
852 2465 949 2524 dorso.

217 2558 353 2619 Creditur
367 2567 396 2617 et
410 2558 474 2615 tilia
487 2558 556 2616 antd
572 2559 647 2637 jugo
662 2559 745 2631 levis,
762 2559 881 2635 altaque
896 2559 982 2636 sagus

217 2653 371 2727 Stivaque,
388 2671 454 2727 quer
470 2671 575 2710 currus
589 2671 608 2709 a
620 2661 706 2730 tergo
719 2660 857 2729 torqueat
872 2652 965 2711 imos:

215 2744 256 2804 Et
271 2763 416 2822 suspensa
429 2744 503 2802 focis
516 2745 650 2822 explorat
665 2747 772 2803 robora
786 2744 891 2805 sumus.
1144 2746 1199 2804 175

253 2837 380 2898 Possum
395 2838 488 2896 multa
499 2838 552 2896 tibi
566 2848 699 2897 veterum
713 2847 863 2917 praecepta
876 2838 1000 2911 referre,

215 2931 257 2991 Ni
270 2931 393 3009 refugis,
409 2940 574 3008 tenuesque
589 2933 670 3011 piget
683 2951 866 3011 cognoscere
881 2951 979 2991 curas.
1020 2928 1026 2939 '

214 3025 298 3085 Area
312 3044 379 3083 cum
393 3025 494 3103 primis
508 3025 620 3103 ingenti
635 3026 781 3103 aequanda
794 3025 938 3102 cylindro,

214 3119 255 3179 Et
270 3119 413 3178 vertenda
426 3138 525 3192 manu,
542 3128 571 3178 et
586 3118 670 3179 crati
684 3119 837 3178 solidanda
850 3119 960 3190 tenaci,

214 3211 243 3272 N
246 3230 263 3270 e
277 3213 404 3270 subeant
417 3212 530 3284 berboe,
545 3232 605 3271 neu
621 3213 743 3290 pulvere
757 3212 836 3271 victa
850 3211 967 3270 fatiscat
981 3230 989 3280 ;
1142 3213 1198 3271 180

213 3303 292 3362 Tum
306 3305 396 3363 variae
412 3306 536 3364 illudant
550 3314 669 3383 pestes:
692 3305 771 3383 saepe
786 3305 990 3383 exiguusmus

215 3396 276 3455 Sub
290 3397 379 3454 terris
393 3399 549 3475 posuitque
563 3398 665 3456 domos
679 3407 767 3473 atque
782 3398 891 3456 horrea
905 3397 974 3456 secit
988 3416 997 3467 ς

213 3487 275 3547 Aut
289 3489 383 3547 oculis
398 3490 476 3568 capti
490 3488 591 3550 sodire
605 3490 715 3549 cubilia
728 3489 816 3568 talpoe
832 3509 841 3559 ;

214 3579 412 3659 inventusque
426 3583 509 3642 cavis
522 3584 603 3655 bulo,
619 3590 649 3641 et
663 3603 729 3661 quae
744 3583 868 3661 plurima
882 3589 970 3655 terrae

213 3672 350 3737 Monstra
364 3675 461 3734 serunt
476 3695 485 3747 ;
508 3677 687 3754 populatque
701 3676 852 3754 ingentem
865 3675 952 3734 sarrin
967 3691 1107 3734 acervum
1140 3674 1196 3734 185

214 3764 369 3840 Curculio,
386 3777 476 3845 atque
490 3769 569 3848 inopi
583 3778 717 3828 metuens
732 3769 855 3828 formica
869 3776 1009 3829 senectae.

254 3858 479 3938 Contemplator
492 3862 572 3934 item,
590 3881 679 3938 quum
693 3882 726 3921 se
740 3882 800 3921 nux
815 3862 940 3941 plurima
955 3861 1037 3921 silvis

212 3949 320 4010 Induet
335 3953 365 4010 in
378 3954 482 4012 florem
495 3962 524 4013 et
537 3957 641 4014 ramos
650 3955 784 4014 curvabit
799 3956 914 4014 olentes
929 3974 936 4013 ε
1056 4032 1058 4036 Α

213 4043 245 4104 Si
259 4055 400 4122 superant
414 4046 513 4118 status,
531 4048 641 4125 pariter
655 4048 801 4109 frumenta
815 4056 989 4127 sequentur,

211 4137 386 4220 Magnaque
400 4160 468 4201 cum
482 4160 590 4221 magno
602 4143 701 4202 reniet
714 4144 821 4203 tritura
835 4144 935 4202 calore
949 4162 956 4201 ε
1140 4146 1202 4209 190,

1184 2641 1201 2676 ὁ
