2692 5122
485 791 656 839 AENBIDOS
675 793 744 841 sle.
762 794 839 840 VIII.

101 927 104 932 ’
176 929 289 1002 Aurea,
304 929 357 988 sed
370 929 463 987 fluctu
476 933 652 1008 spumabant
665 933 777 991 caerula
790 951 866 991 cano
880 949 889 1001 ;

175 1024 214 1084 Et
229 1024 343 1082 cIrclun
357 1032 481 1101 argento
495 1025 569 1082 clari
583 1024 737 1102 delphines
751 1027 781 1084 in
794 1027 897 1083 orbem

175 1117 316 1192 AEquora
331 1118 488 1175 verrebant
502 1118 616 1189 caudis,
633 1127 796 1194 aestumque
810 1120 961 1176 secabant.

176 1209 210 1269 In
223 1210 321 1268 medio
334 1210 448 1268 classes
463 1220 581 1282 termas,
597 1211 689 1271 Actia
702 1212 791 1282 bella,
1097 1212 1155 1268 675

176 1302 312 1362 Cernere
327 1311 411 1372 erat3
434 1311 587 1381 totumque
601 1305 746 1363 instructo
759 1305 858 1363 Marte
873 1303 990 1362 videres

175 1395 308 1454 Fervere
320 1396 488 1468 Leucaten,
505 1417 639 1473 auroque
653 1398 798 1476 effulgere
813 1398 929 1456 fluctus.

175 1491 257 1550 Hinc
272 1492 427 1569 Augustus
441 1511 533 1570 agens
547 1492 640 1551 Italos
653 1494 682 1550 in
697 1494 802 1570 proelia
816 1493 933 1565 Caesar,

177 1583 254 1644 Cum
269 1586 412 1661 patribus,
430 1586 608 1663 populoque,
622 1582 797 1657 Penatibus,
814 1594 843 1643 et
857 1586 972 1664 magnis
986 1583 1044 1657 dts,

176 1676 264 1735 Stans
278 1676 362 1736 celsa
375 1679 405 1736 in
419 1679 508 1755 puppi
523 1697 531 1746 ;
555 1679 689 1756 geminas
705 1679 753 1736 cui
766 1687 901 1755 tempora
914 1679 1046 1737 flammas
1099 1678 1157 1736 680

176 1769 262 1829 Laeta
276 1781 405 1842 romunt,
423 1773 610 1848 patriumque
624 1773 757 1849 aperitur
771 1772 881 1829 vertice
896 1771 987 1830 sidus.

175 1861 265 1922 Parte
280 1863 351 1935 stit,
368 1865 464 1922 ventis
478 1872 507 1921 et
521 1864 568 1922 dis
579 1866 716 1943 Agrippa
730 1865 879 1937 secundis,

176 1955 306 2028 Arduus,
323 1977 430 2035 agmen
445 1977 539 2035 agens
553 1977 561 2027 ;
585 1959 644 2029 cui,
660 1959 730 2016 belli
744 1958 860 2035 insigne
873 1958 1043 2035 superbum,

176 2049 326 2126 Tempora
339 2050 439 2108 navali
452 2051 565 2128 fulgent
578 2060 707 2109 rostrata
722 2049 842 2108 coronal.

177 2140 257 2201 Hinc
272 2162 329 2219 ope
343 2142 502 2202 barbarica
515 2145 663 2220 variisque
678 2143 827 2202 Antonius
841 2143 942 2216 armis,
1096 2142 1155 2201 686

177 2232 281 2293 Victor
294 2237 333 2291 ab
346 2236 472 2293 Aurorae
487 2236 601 2313 populis
615 2244 645 2293 et
658 2236 755 2293 littore
769 2237 870 2307 rubro,

177 2327 354 2405 AEgyptum,
370 2328 508 2404 viresque
522 2329 662 2398 Orientis,
679 2337 708 2385 et
722 2328 824 2385 ultima
838 2347 941 2386 secum

177 2418 288 2478 Bactra
302 2420 383 2478 vehit
399 2439 407 2489 ;
431 2420 624 2497 sequiturque
638 2419 736 2496 (nefas
749 2421 772 2495 l)
800 2419 951 2497 AEgyptia
975 2418 1093 2496 conjux.

177 2511 245 2571 Unda
258 2531 360 2570 omnes
374 2531 474 2582 ruere,
490 2532 527 2570 ac
540 2520 633 2570 totum
647 2531 794 2589 spumare,
808 2511 940 2570 reductis
987 2584 988 2588 Ἰ

178 2604 362 2665 convulsum
376 2605 466 2663 remis
480 2605 642 2680 rostrisque
656 2605 841 2675 tridentibus,
858 2623 969 2679 aequor.
1099 2606 1158 2663 690

176 2699 246 2756 Alta
260 2707 361 2775 petunt
377 2717 384 2754 ε
408 2698 516 2775 pelago
530 2697 637 2755 credas
651 2698 754 2755 innare
768 2696 904 2755 revulsas

179 2790 340 2868 Cycladas,
357 2800 407 2848 aut
421 2800 536 2848 montes
550 2809 731 2848 concurrere
746 2790 893 2848 montibus
907 2790 983 2848 altos
997 2808 1004 2846 τ

177 2884 277 2944 Tantd
291 2886 367 2943 mole
382 2885 436 2942 viri
450 2885 564 2941 turritis
578 2884 723 2961 puppibus
737 2883 855 2942 instant.

178 2981 310 3057 Stuppca
324 2980 440 3036 flamma
454 2998 552 3048 mauu,
568 2979 695 3053 telisque
710 2978 828 3034 volatile
843 2977 954 3035 ferrum

179 3073 335 3150 Spargitur
350 3090 356 3127 :
380 3090 451 3129 arva
466 3069 542 3128 noval
557 3070 710 3147 Neptunia
723 3069 805 3127 caede
820 3071 992 3128 rubescunt.
1099 3069 1158 3126 69⁵

177 3167 298 3246 Regina
313 3166 342 3223 in
356 3166 459 3223 mediis
474 3166 569 3242 patrio
584 3174 669 3222 vocat
685 3164 802 3241 agmina
817 3165 904 3221 sistro
921 3183 929 3232 3

179 3261 316 3322 Necdum
329 3262 418 3318 etiam
431 3261 565 3338 geminos
579 3279 598 3316 a
610 3268 696 3337 tergo
710 3259 831 3334 respicit
845 3277 969 3336 angues.

178 3351 436 3433 Omnigeutimque
450 3351 538 3410 dedm
551 3360 693 3421 monstra,
708 3360 737 3408 ct
751 3351 875 3408 latrator
888 3348 1014 3419 Anubis,

182 3447 294 3508 Contra
308 3448 480 3524 Neptunum
493 3455 523 3503 et
536 3444 699 3513 Venerem,
716 3451 879 3517 contraque
893 3441 1060 3499 Minervam

178 3541 256 3599 Tela
269 3549 381 3599 tenant.
425 3539 515 3596 Saevit
529 3536 625 3594 medio
640 3537 670 3593 in
684 3535 847 3593 certamine
861 3533 984 3592 Mavors
1102 3534 1161 3591 700

182 3633 316 3694 Caelatus
330 3634 420 3702 ferro,
436 3632 596 3706 tristesque
611 3648 648 3686 ex
662 3629 772 3686 aethere
787 3628 870 3685 Dirae
884 3646 892 3695 ;

181 3728 219 3787 Et
234 3727 330 3786 scisse
343 3727 480 3805 gaudens
494 3725 573 3783 vadit
587 3723 747 3782 Discordia
761 3721 840 3799 palld
855 3741 863 3791 ;

181 3823 279 3891 Quam
294 3842 362 3880 cum
375 3821 540 3898 sanguineo
554 3820 689 3896 sequitur
702 3818 827 3876 Bellona
840 3816 969 3894 flagello.

180 3917 286 3974 Actius
300 3916 365 3973 haec
380 3934 506 3973 cernens
521 3932 623 3971 arcum
637 3911 808 3970 intendebat
817 3910 925 3987 Apollo

180 4007 340 4086 Desuper:
364 4008 458 4065 omnis
472 4027 508 4065 eo
522 4016 637 4065 terrore
651 4005 817 4082 AEgyptus,
834 4013 863 4061 et
877 4002 953 4074 Indi,

181 4102 285 4160 Omnis
299 4103 408 4172 Arabs,
425 4120 527 4159 omnes
540 4102 694 4158 vertebant
708 4108 795 4175 targa
809 4097 916 4155 Sabmi.

182 4194 252 4271 Ipsa
266 4195 420 4253 ridebatur
434 4195 529 4252 ventis
542 4194 648 4271 regina
662 4192 775 4250 vocatis

181 4287 259 4348 Vela
273 4288 357 4362 dare,
371 4298 401 4347 et
414 4290 497 4347 laxos
507 4288 570 4364 jam
581 4288 703 4363 jamque
717 4286 872 4344 immittere
886 4285 981 4343 sunes.

183 4379 267 4440 Illam
281 4382 357 4440 inter
371 4381 480 4452 caedes,
497 4382 655 4458 pallentem
669 4387 760 4437 morte
776 4376 884 4449 sutura,

181 4474 312 4535 Fecerat
325 4476 492 4553 ignipotens
505 4474 591 4532 undis
606 4482 636 4530 et
649 4470 762 4549 Iapyge
778 4472 847 4528 ferri
862 4491 870 4539 ;

184 4567 300 4628 Contra
313 4577 412 4626 autem
424 4587 530 4646 magno
543 4576 718 4626 moerentem
731 4583 855 4642 corpore
869 4563 982 4633 Nilum,

848 4670 885 4710 rr
