2692 5122
492 727 696 777 sucomcs.
724 729 805 778 ECL.
820 731 840 777 1.

175 864 246 925 Nec
259 865 339 925 mala
353 865 442 926 vicini
456 869 573 946 pecoris
586 870 726 949 contagia
737 869 857 930 laedent.

176 958 342 1019 Fortunate
356 980 449 1021 senex
464 965 471 1020 l
493 961 553 1036 hic,
569 964 646 1023 inter
660 965 782 1023 flumina
795 970 867 1022 nota

177 1051 218 1112 Εἰ
232 1051 328 1112 fontes
341 1044 457 1128 s‘acros,
473 1055 569 1135 frigus
582 1058 717 1135 captabis
731 1077 866 1136 opacum.

176 1145 260 1206 Hinc
273 1147 338 1221 tibi,
355 1168 422 1225 qum
437 1169 555 1228 semper
568 1151 667 1210 vicino
680 1152 718 1210 ab
736 1151 826 1209 limite
840 1169 928 1228 sepes

176 1239 316 1319 Hyblaeis
330 1243 436 1320 apibus
449 1243 553 1303 florem
567 1245 691 1323 depasta
704 1245 813 1316 salicti,

178 1335 264 1414 Saepd
278 1336 337 1394 levi
351 1356 485 1396 somnum
499 1339 636 1397 suadebit
650 1339 724 1397 inire
738 1358 868 1397 susurro.

176 1427 259 1487 Hinc
274 1429 334 1487 altat
347 1432 403 1488 sub
416 1450 490 1508 rupe
504 1441 591 1491 canet
606 1433 758 1491 frondator
772 1433 809 1491 ad
823 1451 914 1490 auras
929 1451 938 1502 3

177 1521 206 1580 N
208 1540 244 1581 cc
257 1531 356 1581 tamen
370 1523 485 1582 interea
498 1545 611 1598 raucas,
627 1535 680 1617 tpa
699 1546 784 1598 curu,
800 1527 964 1604 palumbos,

177 1614 244 1675 Neo
257 1635 378 1694 gemere
393 1617 479 1678 aeriis
492 1620 621 1678 cessabit
635 1628 732 1678 turtur
746 1621 784 1678 ab
797 1620 885 1678 ulmo.

598 1796 739 1837 ursinus.

177 1898 255 1957 Ante
269 1899 352 1959 leves
365 1920 440 1980 ergo
455 1910 615 1981 pascentur
628 1902 658 1961 in
672 1902 784 1961 aethere
798 1902 891 1976 cervi,

176 1992 217 2051 Et
231 1992 306 2052 freta
320 1995 480 2055 destituent
494 1998 589 2056 nudos
603 1998 632 2055 in
647 1997 744 2055 littore
761 1997 859 2074 pisces
875 1991 884 2067 ;'

177 2085 265 2158 Ante,
281 2090 443 2165 pererratis
457 2092 610 2149 amborum
624 2091 742 2162 finibus,
759 2091 843 2149 exsul

176 2180 236 2238 Aut
249 2181 369 2239 Ararim
381 2182 512 2241 Parthus
524 2185 615 2255 bibet,
635 2192 684 2241 aut
698 2183 862 2243 Germania
874 2182 1001 2262 Tigrim,

179 2271 276 2340 Quum
289 2283 391 2334 nostro
405 2276 484 2335 illius
497 2278 615 2336 labatur
629 2286 750 2357 pectore
764 2277 872 2337 vultus.

580 2453 757 2493 MELIBOEUS.
780 2470 798 2485 ν

177 2555 217 2612 At
230 2574 284 2612 nos
297 2555 365 2614 hinc
380 2556 431 2614 alii
445 2556 579 2614 sitientes
594 2557 699 2616 ibimus
713 2556 804 2614 Afros
818 2575 826 2626 ;

177 2645 251 2704 Pars
266 2649 427 2724 Scythiam,
444 2658 472 2707 et
487 2650 620 2728 rapidum
635 2649 736 2709 Crete
750 2650 902 2708 veniemus
916 2649 1041 2723 Oaxem,

176 2739 216 2798 Et
230 2743 347 2818 penitius
360 2752 422 2801 toto
436 2743 546 2801 divisos
560 2745 631 2801 orbe
646 2744 815 2802 Britannos.

177 2835 235 2908 Eu,
252 2856 381 2914 unquam
396 2839 506 2915 patrios
520 2839 608 2914 longo
623 2838 689 2916 pdst
702 2852 834 2915 tempore
849 2838 935 2909 fines,

177 2929 322 3007 Pauperis
335 2941 365 2989 et
379 2931 479 3009 tuguri
494 2942 669 3010 congestum
683 2933 795 3010 cespite
810 2933 939 3004 culmen,

176 3023 247 3082 Pdst
262 3026 384 3100 aliquot,
400 3044 466 3082 mea
480 3045 574 3102 regna
594 3026 707 3096 videns,
724 3026 854 3083 mirabor
868 3026 977 3083 aristas
993 3024 1003 3081 l

177 3116 287 3194 Impius
301 3119 365 3175 haec
380 3128 439 3175 tam
453 3119 534 3175 culta
544 3120 663 3176 novalis
676 3120 760 3177 miles
774 3120 896 3176 habebit
913 3118 923 3174 ?

176 3209 328 3268 Barbarus
342 3212 396 3268 has
410 3221 530 3289 segetes
546 3212 556 3267 ?
596 3212 656 3282 En,
674 3211 731 3288 qud
747 3212 895 3270 discordia
909 3211 991 3270 cives

176 3305 316 3364 Produxit
331 3308 456 3365 miseros
471 3311 478 3365 l
519 3308 578 3378 En,
596 3308 681 3383 queis
695 3308 883 3365 consevimus
898 3309 1008 3384 agros!

177 3397 279 3457 lusere
293 3419 383 3471 nunc,
399 3400 554 3469 Meliboee,
572 3402 651 3478 piros
668 3404 674 3458 l
697 3419 772 3478 pone
787 3400 889 3456 ordino
903 3400 1002 3456 vites!

215 3492 260 3550 lto
275 3513 359 3564 meae,
375 3494 445 3551 felix
460 3494 608 3571 quondam
624 3513 725 3569 pecus,
744 3493 794 3562 ite,
811 3491 946 3569 capellae.

176 3585 244 3644 Non
258 3606 315 3663 ego
331 3607 382 3645 vos
396 3589 530 3665 posthac,
547 3587 632 3644 viridi
647 3587 796 3663 projectus
810 3585 840 3642 in
854 3592 950 3655 antro,

175 3678 308 3737 Dumosd
323 3681 452 3758 pendere
468 3681 570 3758 procul
585 3680 621 3738 de
637 3699 709 3756 rupe
726 3679 851 3737 videbo:

176 3770 319 3831 Carmina
333 3775 414 3832 nulla
428 3794 534 3832 canam
550 3792 557 3830 ε
579 3794 648 3845 non,
665 3793 711 3830 me
727 3781 878 3851 pascente,
894 3769 1029 3849 capella),

175 3863 345 3925 Florentem
360 3868 486 3943 cytisum
500 3878 529 3926 et
543 3868 652 3925 salices
670 3866 801 3943 carpetis
815 3883 941 3923 amaras.

595 4044 736 4084 TITYRUS.

175 4147 236 4207 Hic
249 4157 351 4207 tamen
365 4151 442 4208 hanc
456 4169 572 4208 mecum
586 4159 705 4226 poteras
719 4147 910 4223 requiescere
925 4152 1043 4205 noctem
1122 4147 1161 4204 80

173 4241 292 4302 Fronde
307 4264 397 4323 super
410 4245 495 4303 viridi
510 4264 518 4314 ;
543 4253 610 4302 sunt
631 4243 715 4301 nobis
730 4243 810 4300 mitia
825 4259 921 4317 poma,

175 4335 335 4397 Castaneae
351 4339 464 4409 molles,
481 4349 510 4397 et
525 4338 619 4415 pressi
633 4337 719 4414 copia
734 4337 820 4394 lactis
836 4353 843 4390 t

174 4431 212 4489 Et
223 4432 286 4507 jam
300 4452 414 4490 summa
429 4433 532 4510 procul
546 4432 681 4490 villarum
697 4431 826 4487 culmina
841 4428 964 4499 fumant,

174 4522 367 4602 Majoresque
382 4526 490 4584 endunt
505 4526 572 4584 altis
586 4526 623 4583 de
637 4525 785 4583 montibus
799 4524 920 4580 umbrae.

811 4635 826 4668 lt
