<?xml version="1.0" encoding="UTF-8"?>
<!DOCTYPE html PUBLIC "-//W3C//DTD XHTML 1.0 Transitional//EN"
    "http://www.w3.org/TR/xhtml1/DTD/xhtml1-transitional.dtd">
<html xmlns="http://www.w3.org/1999/xhtml" xml:lang="en" lang="en">
 <head>
  <title>
</title>
<meta http-equiv="Content-Type" content="text/html;charset=utf-8" />
  <meta name='ocr-system' content='tesseract 3.04.00' />
  <meta name='ocr-capabilities' content='ocr_page ocr_carea ocr_par ocr_line ocrx_word'/>
</head>
<body>
  <div class='ocr_page' id='page_1' title='image "./pvirgiliimaroni00bowegoog_0228.png"; bbox 0 0 2692 5122; ppageno 0'>
   <div class='ocr_carea' id='block_1_1' title="bbox 360 27 728 513">
    <p class='ocr_par' dir='ltr' id='par_1_1' title="bbox 360 27 728 513">
     <span class='ocr_line' id='line_1_1' title="bbox 360 27 728 371; baseline 0 -15"><span class='ocrx_word' id='word_1_1' title='bbox 360 346 365 356; x_wconf 78' lang='lat' dir='ltr'><strong>a</strong></span> <span class='ocrx_word' id='word_1_2' title='bbox 718 27 728 371; x_wconf 93' lang='grc' dir='ltr'>Ι</span> 
     </span>
     <span class='ocr_line' id='line_1_2' title="bbox 691 482 695 491; baseline 0 0"><span class='ocrx_word' id='word_1_3' title='bbox 691 482 695 491; x_wconf 83' lang='grc' dir='ltr'><em>ι</em></span> 
     </span>
     <span class='ocr_line' id='line_1_3' title="bbox 685 496 691 513; baseline 0 0"><span class='ocrx_word' id='word_1_4' title='bbox 685 496 691 513; x_wconf 94' lang='grc' dir='ltr'><em>Ι</em></span> 
     </span>
    </p>
   </div>
   <div class='ocr_carea' id='block_1_2' title="bbox 481 744 837 830">
    <p class='ocr_par' dir='ltr' id='par_1_2' title="bbox 481 744 837 830">
     <span class='ocr_line' id='line_1_4' title="bbox 481 744 837 830; baseline -0.003 -1"><span class='ocrx_word' id='word_1_5' title='bbox 481 744 670 830; x_wconf 72' lang='lat' dir='ltr'><strong>&#39;anemos</strong></span> <span class='ocrx_word' id='word_1_6' title='bbox 690 780 761 829; x_wconf 85' lang='lat' dir='ltr'><strong>ma.</strong></span> <span class='ocrx_word' id='word_1_7' title='bbox 775 781 837 828; x_wconf 84' lang='lat' dir='ltr'><strong>vu.</strong></span> 
     </span>
    </p>
   </div>
   <div class='ocr_carea' id='block_1_3' title="bbox 173 918 1164 4712">
    <p class='ocr_par' dir='ltr' id='par_1_3' title="bbox 176 918 1164 2493">
     <span class='ocr_line' id='line_1_5' title="bbox 177 918 883 997; baseline -0.006 -17"><span class='ocrx_word' id='word_1_8' title='bbox 177 920 270 980; x_wconf 86' lang='lat' dir='ltr'><strong>Fama</strong></span> <span class='ocrx_word' id='word_1_9' title='bbox 284 919 370 991; x_wconf 82' lang='lat' dir='ltr'><strong>levis,</strong></span> <span class='ocrx_word' id='word_1_10' title='bbox 386 920 499 978; x_wconf 83' lang='lat' dir='ltr'><strong>tantive</strong></span> <span class='ocrx_word' id='word_1_11' title='bbox 513 921 665 979; x_wconf 75' lang='lat' dir='ltr'><strong>abolescet</strong></span> <span class='ocrx_word' id='word_1_12' title='bbox 679 921 775 997; x_wconf 86' lang='lat' dir='ltr'><strong>gratia</strong></span> <span class='ocrx_word' id='word_1_13' title='bbox 790 918 860 977; x_wconf 89' lang='lat' dir='ltr'><strong>sacti</strong></span> <span class='ocrx_word' id='word_1_14' title='bbox 875 936 883 987; x_wconf 80' lang='lat'>3</span> 
     </span>
     <span class='ocr_line' id='line_1_6' title="bbox 177 1009 975 1092; baseline -0.005 -21"><span class='ocrx_word' id='word_1_15' title='bbox 177 1013 205 1073; x_wconf 87' lang='lat' dir='ltr'>N</span> <span class='ocrx_word' id='word_1_16' title='bbox 207 1033 242 1071; x_wconf 90' lang='lat' dir='ltr'><strong>ec</strong></span> <span class='ocrx_word' id='word_1_17' title='bbox 255 1013 381 1089; x_wconf 84' lang='lat' dir='ltr'><strong>Trojam</strong></span> <span class='ocrx_word' id='word_1_18' title='bbox 394 1013 544 1071; x_wconf 87' lang='lat' dir='ltr'><strong>Ausonios</strong></span> <span class='ocrx_word' id='word_1_19' title='bbox 558 1013 673 1092; x_wconf 87' lang='lat' dir='ltr'><strong>gremio</strong></span> <span class='ocrx_word' id='word_1_20' title='bbox 686 1013 839 1090; x_wconf 78' lang='lat' dir='ltr'>excepisse</span> <span class='ocrx_word' id='word_1_21' title='bbox 855 1009 975 1088; x_wconf 80' lang='lat' dir='ltr'>pigebit.</span> 
     </span>
     <span class='ocr_line' id='line_1_7' title="bbox 177 1107 924 1185; baseline -0.007 -19"><span class='ocrx_word' id='word_1_22' title='bbox 177 1108 253 1167; x_wconf 82' lang='lat' dir='ltr'><strong>Fata</strong></span> <span class='ocrx_word' id='word_1_23' title='bbox 267 1127 323 1185; x_wconf 86' lang='lat' dir='ltr'><strong>per</strong></span> <span class='ocrx_word' id='word_1_24' title='bbox 335 1107 447 1166; x_wconf 81' lang='lat' dir='ltr'><strong>AEueaa</strong></span> <span class='ocrx_word' id='word_1_25' title='bbox 463 1107 543 1183; x_wconf 87' lang='lat' dir='ltr'><strong>juro,</strong></span> <span class='ocrx_word' id='word_1_26' title='bbox 558 1108 751 1183; x_wconf 86' lang='lat' dir='ltr'><strong>dextramque</strong></span> <span class='ocrx_word' id='word_1_27' title='bbox 766 1114 924 1183; x_wconf 89' lang='lat' dir='ltr'><strong>potentem,</strong></span> 
     </span>
     <span class='ocr_line' id='line_1_8' title="bbox 178 1196 1163 1278; baseline -0.006 -20"><span class='ocrx_word' id='word_1_28' title='bbox 178 1201 244 1259; x_wconf 84' lang='lat' dir='ltr'><strong>Siva</strong></span> <span class='ocrx_word' id='word_1_29' title='bbox 259 1200 331 1271; x_wconf 86' lang='lat' dir='ltr'><strong>fide,</strong></span> <span class='ocrx_word' id='word_1_30' title='bbox 347 1219 401 1258; x_wconf 85' lang='lat' dir='ltr'><strong>seu</strong></span> <span class='ocrx_word' id='word_1_31' title='bbox 417 1200 482 1278; x_wconf 92' lang='lat' dir='ltr'><strong>quis</strong></span> <span class='ocrx_word' id='word_1_32' title='bbox 497 1200 575 1258; x_wconf 92' lang='lat' dir='ltr'><strong>bello</strong></span> <span class='ocrx_word' id='word_1_33' title='bbox 591 1208 636 1258; x_wconf 86' lang='lat' dir='ltr'><strong>est</strong></span> <span class='ocrx_word' id='word_1_34' title='bbox 650 1210 791 1278; x_wconf 84' lang='lat' dir='ltr'><strong>expertus</strong></span> <span class='ocrx_word' id='word_1_35' title='bbox 804 1205 833 1255; x_wconf 90' lang='lat' dir='ltr'><strong>et</strong></span> <span class='ocrx_word' id='word_1_36' title='bbox 848 1198 959 1267; x_wconf 88' lang='lat' dir='ltr'><strong>armis;</strong></span> <span class='ocrx_word' id='word_1_37' title='bbox 1103 1196 1163 1254; x_wconf 68' lang='lat'><strong>2³5</strong></span> 
     </span>
     <span class='ocr_line' id='line_1_9' title="bbox 177 1291 959 1371; baseline -0.006 -19"><span class='ocrx_word' id='word_1_38' title='bbox 177 1293 263 1352; x_wconf 86' lang='lat' dir='ltr'><strong>Multi</strong></span> <span class='ocrx_word' id='word_1_39' title='bbox 278 1314 333 1352; x_wconf 88' lang='lat' dir='ltr'><strong>nos</strong></span> <span class='ocrx_word' id='word_1_40' title='bbox 348 1294 456 1371; x_wconf 91' lang='lat' dir='ltr'><strong>populi,</strong></span> <span class='ocrx_word' id='word_1_41' title='bbox 473 1295 573 1352; x_wconf 81' lang='lat' dir='ltr'><strong>multae</strong></span> <span class='ocrx_word' id='word_1_42' title='bbox 590 1296 642 1371; x_wconf 87' lang='lat' dir='ltr'><strong>(ne</strong></span> <span class='ocrx_word' id='word_1_43' title='bbox 656 1302 765 1364; x_wconf 89' lang='lat' dir='ltr'><strong>temne,</strong></span> <span class='ocrx_word' id='word_1_44' title='bbox 784 1291 862 1367; x_wconf 84' lang='lat' dir='ltr'><strong>qudd</strong></span> <span class='ocrx_word' id='word_1_45' title='bbox 882 1291 959 1348; x_wconf 88' lang='lat' dir='ltr'><strong>ultro</strong></span> 
     </span>
     <span class='ocr_line' id='line_1_10' title="bbox 177 1384 958 1462; baseline -0.005 -17"><span class='ocrx_word' id='word_1_46' title='bbox 177 1386 368 1446; x_wconf 78' lang='lat' dir='ltr'><strong>Praesenmus</strong></span> <span class='ocrx_word' id='word_1_47' title='bbox 383 1387 519 1445; x_wconf 88' lang='lat' dir='ltr'><strong>manibus</strong></span> <span class='ocrx_word' id='word_1_48' title='bbox 532 1388 620 1445; x_wconf 87' lang='lat' dir='ltr'><strong>vittas</strong></span> <span class='ocrx_word' id='word_1_49' title='bbox 634 1406 670 1445; x_wconf 90' lang='lat' dir='ltr'><strong>ac</strong></span> <span class='ocrx_word' id='word_1_50' title='bbox 684 1388 777 1444; x_wconf 85' lang='lat' dir='ltr'><strong>verba</strong></span> <span class='ocrx_word' id='word_1_51' title='bbox 790 1384 958 1462; x_wconf 78' lang='lat' dir='ltr'><strong>precantia)</strong></span> 
     </span>
     <span class='ocr_line' id='line_1_11' title="bbox 177 1477 904 1558; baseline -0.003 -19"><span class='ocrx_word' id='word_1_52' title='bbox 177 1479 215 1539; x_wconf 83' lang='lat' dir='ltr'><strong>Et</strong></span> <span class='ocrx_word' id='word_1_53' title='bbox 229 1477 345 1558; x_wconf 66' lang='lat' dir='ltr'><strong>petiere</strong></span> <span class='ocrx_word' id='word_1_54' title='bbox 359 1480 416 1538; x_wconf 89' lang='lat' dir='ltr'><strong>sibi</strong></span> <span class='ocrx_word' id='word_1_55' title='bbox 429 1490 459 1538; x_wconf 91' lang='lat' dir='ltr'><strong>et</strong></span> <span class='ocrx_word' id='word_1_56' title='bbox 473 1479 595 1540; x_wconf 68' lang='lat' dir='ltr'><strong>voluere</strong></span> <span class='ocrx_word' id='word_1_57' title='bbox 611 1480 775 1557; x_wconf 86' lang='lat' dir='ltr'><strong>adjungere</strong></span> <span class='ocrx_word' id='word_1_58' title='bbox 789 1486 904 1556; x_wconf 89' lang='lat' dir='ltr'><strong>gentes.</strong></span> 
     </span>
     <span class='ocr_line' id='line_1_12' title="bbox 179 1570 896 1649; baseline -0.004 -18"><span class='ocrx_word' id='word_1_59' title='bbox 179 1572 234 1631; x_wconf 85' lang='lat' dir='ltr'><strong>Sed</strong></span> <span class='ocrx_word' id='word_1_60' title='bbox 248 1593 304 1631; x_wconf 89' lang='lat' dir='ltr'><strong>nos</strong></span> <span class='ocrx_word' id='word_1_61' title='bbox 318 1573 381 1631; x_wconf 88' lang='lat' dir='ltr'><strong>fata</strong></span> <span class='ocrx_word' id='word_1_62' title='bbox 394 1570 482 1631; x_wconf 83' lang='lat' dir='ltr'><strong>deirm</strong></span> <span class='ocrx_word' id='word_1_63' title='bbox 496 1582 612 1631; x_wconf 87' lang='lat' dir='ltr'><strong>vestras</strong></span> <span class='ocrx_word' id='word_1_64' title='bbox 626 1574 784 1649; x_wconf 80' lang='lat' dir='ltr'><strong>exquirere</strong></span> <span class='ocrx_word' id='word_1_65' title='bbox 798 1582 896 1629; x_wconf 88' lang='lat' dir='ltr'><strong>terras</strong></span> 
     </span>
     <span class='ocr_line' id='line_1_13' title="bbox 179 1664 1164 1744; baseline -0.003 -20"><span class='ocrx_word' id='word_1_66' title='bbox 179 1664 313 1744; x_wconf 85' lang='lat' dir='ltr'><strong>Imperiis</strong></span> <span class='ocrx_word' id='word_1_67' title='bbox 327 1666 418 1744; x_wconf 70' lang='lat' dir='ltr'><strong>egere</strong></span> <span class='ocrx_word' id='word_1_68' title='bbox 433 1666 506 1724; x_wconf 88' lang='lat' dir='ltr'><strong>suis.</strong></span> <span class='ocrx_word' id='word_1_69' title='bbox 546 1666 630 1724; x_wconf 89' lang='lat' dir='ltr'><strong>Hinc</strong></span> <span class='ocrx_word' id='word_1_70' title='bbox 644 1666 808 1723; x_wconf 84' lang='lat' dir='ltr'><strong>Dardanus</strong></span> <span class='ocrx_word' id='word_1_71' title='bbox 824 1674 907 1721; x_wconf 87' lang='lat' dir='ltr'><strong>ortus</strong></span> <span class='ocrx_word' id='word_1_72' title='bbox 1104 1664 1164 1722; x_wconf 72' lang='lat' dir='ltr'><strong>ato</strong></span> 
     </span>
     <span class='ocr_line' id='line_1_14' title="bbox 178 1751 973 1836; baseline -0.004 -20"><span class='ocrx_word' id='word_1_73' title='bbox 178 1757 248 1817; x_wconf 88' lang='lat' dir='ltr'><strong>Huc</strong></span> <span class='ocrx_word' id='word_1_74' title='bbox 261 1759 369 1836; x_wconf 87' lang='lat' dir='ltr'><strong>repetit</strong></span> <span class='ocrx_word' id='word_1_75' title='bbox 383 1778 390 1828; x_wconf 86' lang='lat'>3</span> <span class='ocrx_word' id='word_1_76' title='bbox 410 1759 564 1835; x_wconf 89' lang='lat' dir='ltr'><strong>jussisque</strong></span> <span class='ocrx_word' id='word_1_77' title='bbox 580 1759 750 1836; x_wconf 79' lang='lat' dir='ltr'><strong>ingentibus</strong></span> <span class='ocrx_word' id='word_1_78' title='bbox 765 1765 853 1835; x_wconf 88' lang='lat' dir='ltr'><strong>urget</strong></span> <span class='ocrx_word' id='word_1_79' title='bbox 867 1751 973 1833; x_wconf 76' lang='lat' dir='ltr'><strong>Apollo</strong></span> 
     </span>
     <span class='ocr_line' id='line_1_15' title="bbox 177 1850 1051 1929; baseline 0 -19"><span class='ocrx_word' id='word_1_80' title='bbox 177 1851 367 1929; x_wconf 87' lang='lat' dir='ltr'><strong>Tyrrhenum</strong></span> <span class='ocrx_word' id='word_1_81' title='bbox 381 1852 419 1910; x_wconf 90' lang='lat' dir='ltr'><strong>ad</strong></span> <span class='ocrx_word' id='word_1_82' title='bbox 433 1853 568 1929; x_wconf 82' lang='lat' dir='ltr'><strong>Tybrirn,</strong></span> <span class='ocrx_word' id='word_1_83' title='bbox 584 1862 614 1910; x_wconf 91' lang='lat' dir='ltr'><strong>et</strong></span> <span class='ocrx_word' id='word_1_84' title='bbox 630 1853 717 1910; x_wconf 84' lang='lat' dir='ltr'><strong>sontis</strong></span> <span class='ocrx_word' id='word_1_85' title='bbox 731 1852 808 1909; x_wconf 87' lang='lat' dir='ltr'><strong>vada</strong></span> <span class='ocrx_word' id='word_1_86' title='bbox 820 1870 908 1909; x_wconf 88' lang='lat' dir='ltr'><strong>sacra</strong></span> <span class='ocrx_word' id='word_1_87' title='bbox 921 1850 1051 1910; x_wconf 88' lang='lat' dir='ltr'><strong>Numici.</strong></span> 
     </span>
     <span class='ocr_line' id='line_1_16' title="bbox 177 1944 838 2023; baseline -0.003 -20"><span class='ocrx_word' id='word_1_88' title='bbox 177 1944 237 2003; x_wconf 89' lang='lat' dir='ltr'><strong>Dat</strong></span> <span class='ocrx_word' id='word_1_89' title='bbox 250 1945 305 2003; x_wconf 88' lang='lat' dir='ltr'><strong>tibi</strong></span> <span class='ocrx_word' id='word_1_90' title='bbox 320 1953 467 2023; x_wconf 76' lang='lat' dir='ltr'><strong>praeterea</strong></span> <span class='ocrx_word' id='word_1_91' title='bbox 482 1946 606 2003; x_wconf 83' lang='lat' dir='ltr'><strong>sortunae</strong></span> <span class='ocrx_word' id='word_1_92' title='bbox 621 1965 715 2022; x_wconf 83' lang='lat' dir='ltr'><strong>parva</strong></span> <span class='ocrx_word' id='word_1_93' title='bbox 732 1944 838 2022; x_wconf 88' lang='lat' dir='ltr'><strong>prioris</strong></span> 
     </span>
     <span class='ocr_line' id='line_1_17' title="bbox 178 2037 931 2115; baseline -0.003 -19"><span class='ocrx_word' id='word_1_94' title='bbox 178 2037 317 2109; x_wconf 85' lang='lat' dir='ltr'><strong>Munera,</strong></span> <span class='ocrx_word' id='word_1_95' title='bbox 333 2038 476 2115; x_wconf 86' lang='lat' dir='ltr'><strong>reliquias</strong></span> <span class='ocrx_word' id='word_1_96' title='bbox 488 2037 583 2114; x_wconf 73' lang='lat' dir='ltr'><strong>Trojd</strong></span> <span class='ocrx_word' id='word_1_97' title='bbox 597 2058 633 2096; x_wconf 88' lang='lat' dir='ltr'><strong>ex</strong></span> <span class='ocrx_word' id='word_1_98' title='bbox 648 2038 770 2096; x_wconf 80' lang='lat' dir='ltr'><strong>ardente</strong></span> <span class='ocrx_word' id='word_1_99' title='bbox 785 2045 931 2114; x_wconf 82' lang='lat' dir='ltr'><strong>receptas.</strong></span> 
     </span>
     <span class='ocr_line' id='line_1_18' title="bbox 177 2130 1163 2209; baseline -0.002 -19"><span class='ocrx_word' id='word_1_100' title='bbox 177 2130 244 2190; x_wconf 81' lang='lat' dir='ltr'><strong>Hoc</strong></span> <span class='ocrx_word' id='word_1_101' title='bbox 260 2140 347 2209; x_wconf 84' lang='lat' dir='ltr'><strong>pater</strong></span> <span class='ocrx_word' id='word_1_102' title='bbox 360 2132 507 2190; x_wconf 85' lang='lat' dir='ltr'><strong>Anchises</strong></span> <span class='ocrx_word' id='word_1_103' title='bbox 522 2151 593 2190; x_wconf 87' lang='lat' dir='ltr'><strong>auro</strong></span> <span class='ocrx_word' id='word_1_104' title='bbox 608 2132 719 2189; x_wconf 87' lang='lat' dir='ltr'><strong>libabat</strong></span> <span class='ocrx_word' id='word_1_105' title='bbox 734 2131 771 2188; x_wconf 87' lang='lat' dir='ltr'><strong>ad</strong></span> <span class='ocrx_word' id='word_1_106' title='bbox 786 2149 876 2201; x_wconf 83' lang='lat' dir='ltr'><strong>araa;</strong></span> <span class='ocrx_word' id='word_1_107' title='bbox 1104 2133 1163 2189; x_wconf 68' lang='lat' dir='ltr'><strong>aab</strong></span> 
     </span>
     <span class='ocr_line' id='line_1_19' title="bbox 177 2225 950 2305; baseline -0.001 -20"><span class='ocrx_word' id='word_1_108' title='bbox 177 2225 247 2285; x_wconf 90' lang='lat' dir='ltr'><strong>Hoc</strong></span> <span class='ocrx_word' id='word_1_109' title='bbox 259 2227 372 2286; x_wconf 86' lang='lat' dir='ltr'><strong>Priami</strong></span> <span class='ocrx_word' id='word_1_110' title='bbox 385 2235 539 2305; x_wconf 83' lang='lat' dir='ltr'><strong>gestamen</strong></span> <span class='ocrx_word' id='word_1_111' title='bbox 554 2236 629 2299; x_wconf 89' lang='lat' dir='ltr'><strong>erat,</strong></span> <span class='ocrx_word' id='word_1_112' title='bbox 647 2246 737 2304; x_wconf 90' lang='lat' dir='ltr'><strong>quum</strong></span> <span class='ocrx_word' id='word_1_113' title='bbox 754 2226 823 2302; x_wconf 89' lang='lat' dir='ltr'><strong>jura</strong></span> <span class='ocrx_word' id='word_1_114' title='bbox 837 2227 950 2285; x_wconf 82' lang='lat' dir='ltr'><strong>vocatis</strong></span> 
     </span>
     <span class='ocr_line' id='line_1_20' title="bbox 176 2321 1042 2400; baseline 0 -20"><span class='ocrx_word' id='word_1_115' title='bbox 176 2321 262 2381; x_wconf 84' lang='lat' dir='ltr'><strong>More</strong></span> <span class='ocrx_word' id='word_1_116' title='bbox 275 2323 361 2381; x_wconf 86' lang='lat' dir='ltr'><strong>daret</strong></span> <span class='ocrx_word' id='word_1_117' title='bbox 375 2324 490 2400; x_wconf 84' lang='lat' dir='ltr'><strong>populis</strong></span> <span class='ocrx_word' id='word_1_118' title='bbox 505 2342 512 2393; x_wconf 92' lang='lat'>;</span> <span class='ocrx_word' id='word_1_119' title='bbox 536 2333 756 2400; x_wconf 82' lang='lat' dir='ltr'><strong>sceptrumque,</strong></span> <span class='ocrx_word' id='word_1_120' title='bbox 773 2341 920 2397; x_wconf 88' lang='lat' dir='ltr'><strong>sacerque</strong></span> <span class='ocrx_word' id='word_1_121' title='bbox 939 2322 1042 2394; x_wconf 82' lang='lat' dir='ltr'><strong>tiaras,</strong></span> 
     </span>
     <span class='ocr_line' id='line_1_21' title="bbox 178 2413 585 2493; baseline 0.005 -21"><span class='ocrx_word' id='word_1_122' title='bbox 178 2413 363 2493; x_wconf 84' lang='lat' dir='ltr'><strong>Iliadumque</strong></span> <span class='ocrx_word' id='word_1_123' title='bbox 378 2416 463 2474; x_wconf 90' lang='lat' dir='ltr'><strong>labor</strong></span> <span class='ocrx_word' id='word_1_124' title='bbox 477 2424 585 2474; x_wconf 87' lang='lat' dir='ltr'><strong>vestes.</strong></span> 
     </span>
    </p>

    <p class='ocr_par' dir='ltr' id='par_1_4' title="bbox 173 2508 1163 4638">
     <span class='ocr_line' id='line_1_22' title="bbox 213 2508 814 2567; baseline 0 -2"><span class='ocrx_word' id='word_1_125' title='bbox 213 2508 340 2567; x_wconf 84' lang='lat' dir='ltr'><strong>Talibus</strong></span> <span class='ocrx_word' id='word_1_126' title='bbox 355 2509 461 2567; x_wconf 91' lang='lat' dir='ltr'><strong>Ilionei</strong></span> <span class='ocrx_word' id='word_1_127' title='bbox 475 2509 561 2567; x_wconf 89' lang='lat' dir='ltr'><strong>dictis</strong></span> <span class='ocrx_word' id='word_1_128' title='bbox 576 2509 674 2566; x_wconf 86' lang='lat' dir='ltr'><strong>defixa</strong></span> <span class='ocrx_word' id='word_1_129' title='bbox 686 2508 814 2566; x_wconf 87' lang='lat' dir='ltr'><strong>Latinus</strong></span> 
     </span>
     <span class='ocr_line' id='line_1_23' title="bbox 177 2600 1163 2679; baseline -0.002 -19"><span class='ocrx_word' id='word_1_130' title='bbox 177 2600 288 2660; x_wconf 84' lang='lat' dir='ltr'><strong>obtutu</strong></span> <span class='ocrx_word' id='word_1_131' title='bbox 302 2612 383 2660; x_wconf 93' lang='lat' dir='ltr'><strong>tenet</strong></span> <span class='ocrx_word' id='word_1_132' title='bbox 398 2622 462 2674; x_wconf 88' lang='lat' dir='ltr'><strong>ora,</strong></span> <span class='ocrx_word' id='word_1_133' title='bbox 479 2603 602 2679; x_wconf 86' lang='lat' dir='ltr'><strong>soloque</strong></span> <span class='ocrx_word' id='word_1_134' title='bbox 617 2601 772 2660; x_wconf 89' lang='lat' dir='ltr'><strong>immobilis</strong></span> <span class='ocrx_word' id='word_1_135' title='bbox 786 2601 890 2672; x_wconf 84' lang='lat' dir='ltr'><strong>haeret,</strong></span> <span class='ocrx_word' id='word_1_136' title='bbox 1102 2601 1163 2658; x_wconf 67' lang='lat'><strong>950</strong></span> 
     </span>
     <span class='ocr_line' id='line_1_24' title="bbox 177 2693 942 2772; baseline -0.001 -20"><span class='ocrx_word' id='word_1_137' title='bbox 177 2693 309 2752; x_wconf 88' lang='lat' dir='ltr'><strong>Intentos</strong></span> <span class='ocrx_word' id='word_1_138' title='bbox 324 2696 445 2753; x_wconf 86' lang='lat' dir='ltr'><strong>volvens</strong></span> <span class='ocrx_word' id='word_1_139' title='bbox 460 2696 571 2754; x_wconf 87' lang='lat' dir='ltr'><strong>oculos.</strong></span> <span class='ocrx_word' id='word_1_140' title='bbox 614 2696 681 2754; x_wconf 90' lang='lat' dir='ltr'><strong>Nec</strong></span> <span class='ocrx_word' id='word_1_141' title='bbox 694 2714 825 2772; x_wconf 90' lang='lat' dir='ltr'><strong>purpura</strong></span> <span class='ocrx_word' id='word_1_142' title='bbox 839 2713 942 2772; x_wconf 88' lang='lat' dir='ltr'><strong>regem</strong></span> 
     </span>
     <span class='ocr_line' id='line_1_25' title="bbox 176 2786 1020 2867; baseline 0.001 -22"><span class='ocrx_word' id='word_1_143' title='bbox 176 2786 260 2846; x_wconf 88' lang='lat' dir='ltr'><strong>Picta</strong></span> <span class='ocrx_word' id='word_1_144' title='bbox 273 2796 382 2860; x_wconf 85' lang='lat' dir='ltr'><strong>movet,</strong></span> <span class='ocrx_word' id='word_1_145' title='bbox 399 2809 455 2847; x_wconf 90' lang='lat' dir='ltr'><strong>nec</strong></span> <span class='ocrx_word' id='word_1_146' title='bbox 470 2800 589 2867; x_wconf 88' lang='lat' dir='ltr'><strong>sceptra</strong></span> <span class='ocrx_word' id='word_1_147' title='bbox 603 2799 720 2847; x_wconf 79' lang='lat' dir='ltr'><strong>movent</strong></span> <span class='ocrx_word' id='word_1_148' title='bbox 734 2789 883 2847; x_wconf 88' lang='lat' dir='ltr'><strong>Priameia</strong></span> <span class='ocrx_word' id='word_1_149' title='bbox 897 2786 1020 2860; x_wconf 86' lang='lat' dir='ltr'><strong>tantirm,</strong></span> 
     </span>
     <span class='ocr_line' id='line_1_26' title="bbox 176 2879 1001 2959; baseline 0.002 -21"><span class='ocrx_word' id='word_1_150' title='bbox 176 2879 328 2948; x_wconf 78' lang='lat' dir='ltr'><strong>Quantilm</strong></span> <span class='ocrx_word' id='word_1_151' title='bbox 342 2882 372 2940; x_wconf 92' lang='lat' dir='ltr'><strong>in</strong></span> <span class='ocrx_word' id='word_1_152' title='bbox 386 2884 533 2941; x_wconf 91' lang='lat' dir='ltr'><strong>connubio</strong></span> <span class='ocrx_word' id='word_1_153' title='bbox 547 2891 624 2941; x_wconf 82' lang='lat' dir='ltr'><strong>natae</strong></span> <span class='ocrx_word' id='word_1_154' title='bbox 638 2879 829 2959; x_wconf 81' lang='lat' dir='ltr'><strong>thalamoque</strong></span> <span class='ocrx_word' id='word_1_155' title='bbox 847 2890 980 2941; x_wconf 87' lang='lat' dir='ltr'><strong>moratur</strong></span> <span class='ocrx_word' id='word_1_156' title='bbox 992 2900 1001 2952; x_wconf 90' lang='lat'>;</span> 
     </span>
     <span class='ocr_line' id='line_1_27' title="bbox 175 2973 893 3054; baseline 0.004 -22"><span class='ocrx_word' id='word_1_157' title='bbox 175 2973 214 3032; x_wconf 86' lang='lat' dir='ltr'><strong>Et</strong></span> <span class='ocrx_word' id='word_1_158' title='bbox 227 2975 339 3033; x_wconf 88' lang='lat' dir='ltr'><strong>veteris</strong></span> <span class='ocrx_word' id='word_1_159' title='bbox 353 2975 451 3033; x_wconf 86' lang='lat' dir='ltr'><strong>Fauni</strong></span> <span class='ocrx_word' id='word_1_160' title='bbox 465 2976 554 3034; x_wconf 85' lang='lat' dir='ltr'><strong>volvit</strong></span> <span class='ocrx_word' id='word_1_161' title='bbox 568 2979 623 3035; x_wconf 90' lang='lat' dir='ltr'><strong>sub</strong></span> <span class='ocrx_word' id='word_1_162' title='bbox 638 2985 759 3054; x_wconf 88' lang='lat' dir='ltr'><strong>pectore</strong></span> <span class='ocrx_word' id='word_1_163' title='bbox 773 2984 893 3035; x_wconf 82' lang='lat' dir='ltr'><strong>sortem</strong></span> 
     </span>
     <span class='ocr_line' id='line_1_28' title="bbox 176 3065 1161 3147; baseline 0.001 -22"><span class='ocrx_word' id='word_1_164' title='bbox 176 3065 266 3125; x_wconf 86' lang='lat' dir='ltr'><strong>Hunc</strong></span> <span class='ocrx_word' id='word_1_165' title='bbox 282 3067 365 3125; x_wconf 90' lang='lat' dir='ltr'><strong>illum</strong></span> <span class='ocrx_word' id='word_1_166' title='bbox 378 3069 446 3126; x_wconf 80' lang='lat' dir='ltr'><strong>satis</strong></span> <span class='ocrx_word' id='word_1_167' title='bbox 461 3069 584 3128; x_wconf 67' lang='lat' dir='ltr'><strong>externi</strong></span> <span class='ocrx_word' id='word_1_168' title='bbox 598 3072 636 3128; x_wconf 90' lang='lat' dir='ltr'><strong>ab</strong></span> <span class='ocrx_word' id='word_1_169' title='bbox 652 3070 722 3128; x_wconf 89' lang='lat' dir='ltr'><strong>sede</strong></span> <span class='ocrx_word' id='word_1_170' title='bbox 738 3070 902 3147; x_wconf 84' lang='lat' dir='ltr'><strong>profectum</strong></span> <span class='ocrx_word' id='word_1_171' title='bbox 1100 3069 1161 3126; x_wconf 71' lang='grc'><strong>955</strong></span> 
     </span>
     <span class='ocr_line' id='line_1_29' title="bbox 176 3158 950 3241; baseline 0.004 -24"><span class='ocrx_word' id='word_1_172' title='bbox 176 3158 316 3219; x_wconf 89' lang='lat' dir='ltr'><strong>Portendi</strong></span> <span class='ocrx_word' id='word_1_173' title='bbox 330 3180 484 3238; x_wconf 86' lang='lat' dir='ltr'><strong>generum,</strong></span> <span class='ocrx_word' id='word_1_174' title='bbox 500 3163 681 3240; x_wconf 91' lang='lat' dir='ltr'><strong>paribusque</strong></span> <span class='ocrx_word' id='word_1_175' title='bbox 696 3164 725 3221; x_wconf 90' lang='lat' dir='ltr'><strong>in</strong></span> <span class='ocrx_word' id='word_1_176' title='bbox 739 3183 834 3241; x_wconf 87' lang='lat' dir='ltr'><strong>regna</strong></span> <span class='ocrx_word' id='word_1_177' title='bbox 847 3163 950 3222; x_wconf 86' lang='lat' dir='ltr'><strong>vocari</strong></span> 
     </span>
     <span class='ocr_line' id='line_1_30' title="bbox 176 3252 895 3333; baseline 0.004 -23"><span class='ocrx_word' id='word_1_178' title='bbox 176 3252 326 3330; x_wconf 84' lang='lat' dir='ltr'><strong>Auspiciis</strong></span> <span class='ocrx_word' id='word_1_179' title='bbox 341 3273 348 3324; x_wconf 85' lang='lat'>3</span> <span class='ocrx_word' id='word_1_180' title='bbox 373 3255 442 3312; x_wconf 89' lang='lat' dir='ltr'><strong>huic</strong></span> <span class='ocrx_word' id='word_1_181' title='bbox 457 3257 628 3333; x_wconf 87' lang='lat' dir='ltr'><strong>progeniem</strong></span> <span class='ocrx_word' id='word_1_182' title='bbox 643 3258 751 3314; x_wconf 79' lang='lat' dir='ltr'><strong>virtute</strong></span> <span class='ocrx_word' id='word_1_183' title='bbox 766 3258 895 3315; x_wconf 89' lang='lat' dir='ltr'><strong>suturam</strong></span> 
     </span>
     <span class='ocr_line' id='line_1_31' title="bbox 176 3343 977 3426; baseline 0.005 -24"><span class='ocrx_word' id='word_1_184' title='bbox 176 3343 350 3424; x_wconf 74' lang='lat' dir='ltr'><strong>Egregium,</strong></span> <span class='ocrx_word' id='word_1_185' title='bbox 367 3355 397 3404; x_wconf 89' lang='lat' dir='ltr'><strong>et</strong></span> <span class='ocrx_word' id='word_1_186' title='bbox 410 3357 503 3405; x_wconf 86' lang='lat' dir='ltr'><strong>totum</strong></span> <span class='ocrx_word' id='word_1_187' title='bbox 518 3368 583 3424; x_wconf 76' lang='lat' dir='ltr'><strong>quae</strong></span> <span class='ocrx_word' id='word_1_188' title='bbox 599 3350 711 3406; x_wconf 86' lang='lat' dir='ltr'><strong>viribus</strong></span> <span class='ocrx_word' id='word_1_189' title='bbox 725 3357 851 3426; x_wconf 90' lang='lat' dir='ltr'><strong>occupet</strong></span> <span class='ocrx_word' id='word_1_190' title='bbox 866 3350 977 3406; x_wconf 89' lang='lat' dir='ltr'><strong>orbem.</strong></span> 
     </span>
     <span class='ocr_line' id='line_1_32' title="bbox 177 3435 988 3518; baseline 0 -22"><span class='ocrx_word' id='word_1_191' title='bbox 177 3435 312 3496; x_wconf 84' lang='lat' dir='ltr'><strong>Tandem</strong></span> <span class='ocrx_word' id='word_1_192' title='bbox 322 3440 408 3498; x_wconf 74' lang='lat' dir='ltr'><strong>laetus</strong></span> <span class='ocrx_word' id='word_1_193' title='bbox 423 3441 463 3497; x_wconf 89' lang='lat' dir='ltr'><strong>ait</strong></span> <span class='ocrx_word' id='word_1_194' title='bbox 477 3459 483 3496; x_wconf 93' lang='lat'><strong>:</strong></span> <span class='ocrx_word' id='word_1_195' title='bbox 508 3441 551 3498; x_wconf 85' lang='lat' dir='ltr'><strong>Di</strong></span> <span class='ocrx_word' id='word_1_196' title='bbox 565 3452 667 3499; x_wconf 89' lang='lat' dir='ltr'><strong>nostra</strong></span> <span class='ocrx_word' id='word_1_197' title='bbox 681 3442 800 3518; x_wconf 88' lang='lat' dir='ltr'><strong>incepta</strong></span> <span class='ocrx_word' id='word_1_198' title='bbox 814 3439 988 3512; x_wconf 83' lang='lat' dir='ltr'><strong>secundent,</strong></span> 
     </span>
     <span class='ocr_line' id='line_1_33' title="bbox 176 3531 1160 3611; baseline 0.004 -24"><span class='ocrx_word' id='word_1_199' title='bbox 176 3531 401 3609; x_wconf 84' lang='lat' dir='ltr'><strong>Auguriumque</strong></span> <span class='ocrx_word' id='word_1_200' title='bbox 415 3536 521 3591; x_wconf 91' lang='lat' dir='ltr'><strong>suurn!</strong></span> <span class='ocrx_word' id='word_1_201' title='bbox 563 3533 703 3604; x_wconf 88' lang='lat' dir='ltr'><strong>Dabitur,</strong></span> <span class='ocrx_word' id='word_1_202' title='bbox 721 3532 864 3608; x_wconf 82' lang='lat' dir='ltr'><strong>Trojano,</strong></span> <span class='ocrx_word' id='word_1_203' title='bbox 884 3531 962 3607; x_wconf 85' lang='lat' dir='ltr'><strong>quod</strong></span> <span class='ocrx_word' id='word_1_204' title='bbox 976 3539 1071 3611; x_wconf 87' lang='lat' dir='ltr'><strong>optas.</strong></span> <span class='ocrx_word' id='word_1_205' title='bbox 1101 3534 1160 3591; x_wconf 69' lang='lat'><strong>260</strong></span> 
     </span>
     <span class='ocr_line' id='line_1_34' title="bbox 175 3621 948 3703; baseline 0.004 -23"><span class='ocrx_word' id='word_1_206' title='bbox 175 3621 303 3681; x_wconf 86' lang='lat' dir='ltr'><strong>Munera</strong></span> <span class='ocrx_word' id='word_1_207' title='bbox 316 3643 372 3682; x_wconf 90' lang='lat' dir='ltr'><strong>nec</strong></span> <span class='ocrx_word' id='word_1_208' title='bbox 387 3644 506 3702; x_wconf 89' lang='lat' dir='ltr'><strong>sperno.</strong></span> <span class='ocrx_word' id='word_1_209' title='bbox 548 3626 617 3684; x_wconf 90' lang='lat' dir='ltr'><strong>Non</strong></span> <span class='ocrx_word' id='word_1_210' title='bbox 631 3627 725 3696; x_wconf 81' lang='lat' dir='ltr'><strong>vobis,</strong></span> <span class='ocrx_word' id='word_1_211' title='bbox 741 3645 814 3703; x_wconf 85' lang='lat' dir='ltr'><strong>rege</strong></span> <span class='ocrx_word' id='word_1_212' title='bbox 829 3625 948 3698; x_wconf 89' lang='lat' dir='ltr'><strong>Latino,</strong></span> 
     </span>
     <span class='ocr_line' id='line_1_35' title="bbox 175 3713 885 3796; baseline 0.006 -23"><span class='ocrx_word' id='word_1_213' title='bbox 175 3713 283 3774; x_wconf 88' lang='lat' dir='ltr'><strong>Divitis</strong></span> <span class='ocrx_word' id='word_1_214' title='bbox 298 3719 373 3775; x_wconf 90' lang='lat' dir='ltr'><strong>uber</strong></span> <span class='ocrx_word' id='word_1_215' title='bbox 386 3718 451 3795; x_wconf 88' lang='lat' dir='ltr'><strong>agri</strong></span> <span class='ocrx_word' id='word_1_216' title='bbox 467 3716 604 3794; x_wconf 82' lang='lat' dir='ltr'><strong>Trojaeva</strong></span> <span class='ocrx_word' id='word_1_217' title='bbox 618 3719 768 3796; x_wconf 89' lang='lat' dir='ltr'><strong>opulentia</strong></span> <span class='ocrx_word' id='word_1_218' title='bbox 781 3719 885 3778; x_wconf 89' lang='lat' dir='ltr'><strong>deerit.</strong></span> 
     </span>
     <span class='ocr_line' id='line_1_36' title="bbox 176 3805 939 3890; baseline 0.008 -25"><span class='ocrx_word' id='word_1_219' title='bbox 176 3805 241 3884; x_wconf 88' lang='lat' dir='ltr'><strong>lpse</strong></span> <span class='ocrx_word' id='word_1_220' title='bbox 256 3809 343 3867; x_wconf 86' lang='lat' dir='ltr'><strong>rnodd</strong></span> <span class='ocrx_word' id='word_1_221' title='bbox 359 3809 485 3882; x_wconf 86' lang='lat' dir='ltr'><strong>AEneas,</strong></span> <span class='ocrx_word' id='word_1_222' title='bbox 504 3812 612 3888; x_wconf 88' lang='lat' dir='ltr'><strong>(nostri</strong></span> <span class='ocrx_word' id='word_1_223' title='bbox 625 3812 650 3870; x_wconf 89' lang='lat' dir='ltr'><strong>si</strong></span> <span class='ocrx_word' id='word_1_224' title='bbox 665 3821 747 3870; x_wconf 91' lang='lat' dir='ltr'><strong>tanta</strong></span> <span class='ocrx_word' id='word_1_225' title='bbox 761 3813 868 3890; x_wconf 90' lang='lat' dir='ltr'><strong>cupido</strong></span> <span class='ocrx_word' id='word_1_226' title='bbox 883 3820 939 3885; x_wconf 88' lang='lat' dir='ltr'><strong>est,</strong></span> 
     </span>
     <span class='ocr_line' id='line_1_37' title="bbox 176 3900 932 3986; baseline 0.011 -28"><span class='ocrx_word' id='word_1_227' title='bbox 176 3900 205 3958; x_wconf 90' lang='lat' dir='ltr'><strong>Si</strong></span> <span class='ocrx_word' id='word_1_228' title='bbox 221 3901 311 3980; x_wconf 86' lang='lat' dir='ltr'><strong>jungi</strong></span> <span class='ocrx_word' id='word_1_229' title='bbox 325 3903 450 3980; x_wconf 90' lang='lat' dir='ltr'><strong>hospitio</strong></span> <span class='ocrx_word' id='word_1_230' title='bbox 465 3915 614 3983; x_wconf 90' lang='lat' dir='ltr'><strong>properat,</strong></span> <span class='ocrx_word' id='word_1_231' title='bbox 631 3907 789 3983; x_wconf 90' lang='lat' dir='ltr'><strong>sociusque</strong></span> <span class='ocrx_word' id='word_1_232' title='bbox 804 3907 932 3986; x_wconf 62' lang='lat' dir='ltr'><strong>vocari)</strong></span> 
     </span>
     <span class='ocr_line' id='line_1_38' title="bbox 175 3993 1158 4064; baseline 0.01 -14"><span class='ocrx_word' id='word_1_233' title='bbox 175 3993 320 4052; x_wconf 79' lang='lat' dir='ltr'><strong>Adveniet</strong></span> <span class='ocrx_word' id='word_1_234' title='bbox 336 4015 344 4064; x_wconf 87' lang='lat'>;</span> <span class='ocrx_word' id='word_1_235' title='bbox 368 3997 467 4055; x_wconf 86' lang='lat' dir='ltr'><strong>vultus</strong></span> <span class='ocrx_word' id='word_1_236' title='bbox 481 4017 555 4056; x_wconf 83' lang='lat' dir='ltr'><strong>neve</strong></span> <span class='ocrx_word' id='word_1_237' title='bbox 571 3999 763 4057; x_wconf 85' lang='lat' dir='ltr'><strong>exhorrescat</strong></span> <span class='ocrx_word' id='word_1_238' title='bbox 779 4001 900 4060; x_wconf 89' lang='lat' dir='ltr'><strong>amicos.</strong></span> <span class='ocrx_word' id='word_1_239' title='bbox 1099 4002 1158 4060; x_wconf 75' lang='lat' dir='ltr'><strong>aab</strong></span> 
     </span>
     <span class='ocr_line' id='line_1_39' title="bbox 174 4083 938 4171; baseline 0.012 -28"><span class='ocrx_word' id='word_1_240' title='bbox 174 4083 248 4144; x_wconf 89' lang='lat' dir='ltr'><strong>Pars</strong></span> <span class='ocrx_word' id='word_1_241' title='bbox 263 4088 332 4145; x_wconf 89' lang='lat' dir='ltr'><strong>mibi</strong></span> <span class='ocrx_word' id='word_1_242' title='bbox 347 4090 430 4165; x_wconf 86' lang='lat' dir='ltr'><strong>pacis</strong></span> <span class='ocrx_word' id='word_1_243' title='bbox 444 4090 500 4148; x_wconf 88' lang='lat' dir='ltr'><strong>erit</strong></span> <span class='ocrx_word' id='word_1_244' title='bbox 514 4091 647 4150; x_wconf 85' lang='lat' dir='ltr'><strong>dextram</strong></span> <span class='ocrx_word' id='word_1_245' title='bbox 661 4094 796 4171; x_wconf 83' lang='lat' dir='ltr'><strong>tetigisse</strong></span> <span class='ocrx_word' id='word_1_246' title='bbox 810 4094 938 4170; x_wconf 87' lang='lat' dir='ltr'><strong>tyranni.</strong></span> 
     </span>
     <span class='ocr_line' id='line_1_40' title="bbox 174 4176 900 4261; baseline 0.012 -24"><span class='ocrx_word' id='word_1_247' title='bbox 174 4176 237 4239; x_wconf 74' lang='lat' dir='ltr'><strong>Vos</strong></span> <span class='ocrx_word' id='word_1_248' title='bbox 250 4183 357 4239; x_wconf 78' lang='lat' dir='ltr'><strong>contrb</strong></span> <span class='ocrx_word' id='word_1_249' title='bbox 371 4184 436 4261; x_wconf 90' lang='lat' dir='ltr'><strong>regi</strong></span> <span class='ocrx_word' id='word_1_250' title='bbox 450 4203 517 4242; x_wconf 90' lang='lat' dir='ltr'><strong>mea</strong></span> <span class='ocrx_word' id='word_1_251' title='bbox 532 4205 610 4243; x_wconf 90' lang='lat' dir='ltr'><strong>nunc</strong></span> <span class='ocrx_word' id='word_1_252' title='bbox 626 4187 766 4244; x_wconf 88' lang='lat' dir='ltr'><strong>mandata</strong></span> <span class='ocrx_word' id='word_1_253' title='bbox 780 4188 900 4247; x_wconf 81' lang='lat' dir='ltr'><strong>referte.</strong></span> 
     </span>
     <span class='ocr_line' id='line_1_41' title="bbox 174 4270 984 4359; baseline 0.015 -29"><span class='ocrx_word' id='word_1_254' title='bbox 174 4270 228 4331; x_wconf 83' lang='lat' dir='ltr'><strong>Est</strong></span> <span class='ocrx_word' id='word_1_255' title='bbox 242 4274 313 4332; x_wconf 90' lang='lat' dir='ltr'><strong>mibi</strong></span> <span class='ocrx_word' id='word_1_256' title='bbox 328 4286 408 4348; x_wconf 87' lang='lat' dir='ltr'><strong>nata,</strong></span> <span class='ocrx_word' id='word_1_257' title='bbox 425 4276 488 4335; x_wconf 83' lang='lat' dir='ltr'><strong>viro</strong></span> <span class='ocrx_word' id='word_1_258' title='bbox 503 4278 601 4355; x_wconf 86' lang='lat' dir='ltr'><strong>gentis</strong></span> <span class='ocrx_word' id='word_1_259' title='bbox 616 4298 704 4354; x_wconf 89' lang='lat' dir='ltr'><strong>quarn</strong></span> <span class='ocrx_word' id='word_1_260' title='bbox 721 4280 849 4359; x_wconf 88' lang='lat' dir='ltr'><strong>jungere</strong></span> <span class='ocrx_word' id='word_1_261' title='bbox 864 4292 984 4355; x_wconf 75' lang='lat' dir='ltr'><strong>nostra),</strong></span> 
     </span>
     <span class='ocr_line' id='line_1_42' title="bbox 174 4364 933 4450; baseline 0.013 -27"><span class='ocrx_word' id='word_1_262' title='bbox 174 4364 242 4425; x_wconf 88' lang='lat' dir='ltr'><strong>Non</strong></span> <span class='ocrx_word' id='word_1_263' title='bbox 257 4369 352 4445; x_wconf 88' lang='lat' dir='ltr'><strong>patrio</strong></span> <span class='ocrx_word' id='word_1_264' title='bbox 366 4389 402 4426; x_wconf 80' lang='lat' dir='ltr'><strong>ex</strong></span> <span class='ocrx_word' id='word_1_265' title='bbox 418 4370 505 4447; x_wconf 84' lang='lat' dir='ltr'><strong>adyto</strong></span> <span class='ocrx_word' id='word_1_266' title='bbox 520 4381 627 4442; x_wconf 81' lang='lat' dir='ltr'><strong>sortes,</strong></span> <span class='ocrx_word' id='word_1_267' title='bbox 642 4392 701 4430; x_wconf 90' lang='lat' dir='ltr'><strong>non</strong></span> <span class='ocrx_word' id='word_1_268' title='bbox 715 4374 841 4450; x_wconf 88' lang='lat' dir='ltr'><strong>plurima</strong></span> <span class='ocrx_word' id='word_1_269' title='bbox 855 4375 933 4433; x_wconf 87' lang='lat' dir='ltr'><strong>coelo</strong></span> 
     </span>
     <span class='ocr_line' id='line_1_43' title="bbox 173 4456 1157 4543; baseline 0.011 -26"><span class='ocrx_word' id='word_1_270' title='bbox 173 4456 307 4518; x_wconf 83' lang='lat' dir='ltr'><strong>Monstra</strong></span> <span class='ocrx_word' id='word_1_271' title='bbox 322 4462 441 4521; x_wconf 87' lang='lat' dir='ltr'><strong>sinunt:</strong></span> <span class='ocrx_word' id='word_1_272' title='bbox 463 4484 592 4543; x_wconf 88' lang='lat' dir='ltr'><strong>generos</strong></span> <span class='ocrx_word' id='word_1_273' title='bbox 606 4468 736 4524; x_wconf 80' lang='lat' dir='ltr'><strong>externis</strong></span> <span class='ocrx_word' id='word_1_274' title='bbox 751 4468 843 4526; x_wconf 85' lang='lat' dir='ltr'><strong>affore</strong></span> <span class='ocrx_word' id='word_1_275' title='bbox 859 4471 895 4526; x_wconf 89' lang='lat' dir='ltr'><strong>ab</strong></span> <span class='ocrx_word' id='word_1_276' title='bbox 911 4469 981 4542; x_wconf 89' lang='lat' dir='ltr'><strong>oris,</strong></span> <span class='ocrx_word' id='word_1_277' title='bbox 1097 4471 1157 4528; x_wconf 78' lang='lat' dir='ltr'><strong>ato</strong></span> 
     </span>
     <span class='ocr_line' id='line_1_44' title="bbox 174 4549 986 4638; baseline 0.012 -27"><span class='ocrx_word' id='word_1_278' title='bbox 174 4549 244 4612; x_wconf 85' lang='lat' dir='ltr'><strong>Hoc</strong></span> <span class='ocrx_word' id='word_1_279' title='bbox 256 4553 347 4614; x_wconf 85' lang='lat' dir='ltr'><strong>Latio</strong></span> <span class='ocrx_word' id='word_1_280' title='bbox 360 4564 475 4616; x_wconf 83' lang='lat' dir='ltr'><strong>restare</strong></span> <span class='ocrx_word' id='word_1_281' title='bbox 490 4567 611 4631; x_wconf 88' lang='lat' dir='ltr'><strong>canunt,</strong></span> <span class='ocrx_word' id='word_1_282' title='bbox 629 4560 680 4637; x_wconf 93' lang='lat' dir='ltr'><strong>qui</strong></span> <span class='ocrx_word' id='word_1_283' title='bbox 693 4562 839 4638; x_wconf 86' lang='lat' dir='ltr'><strong>sanguine</strong></span> <span class='ocrx_word' id='word_1_284' title='bbox 853 4569 986 4621; x_wconf 88' lang='lat' dir='ltr'><strong>nostrum</strong></span> 
     </span>
    </p>

    <p class='ocr_par' dir='ltr' id='par_1_5' title="bbox 452 4656 881 4712">
     <span class='ocr_line' id='line_1_45' title="bbox 452 4656 881 4712; baseline 0.007 -3"><span class='ocrx_word' id='word_1_285' title='bbox 452 4656 487 4710; x_wconf 85' lang='lat'><strong>19</strong></span> <span class='ocrx_word' id='word_1_286' title='bbox 842 4672 881 4712; x_wconf 85' lang='lat' dir='ltr'><strong>aa</strong></span> 
     </span>
    </p>
   </div>
   <div class='ocr_carea' id='block_1_4' title="bbox 0 0 1350 5122">
    <p class='ocr_par' dir='ltr' id='par_1_6' title="bbox 0 0 1350 5122">
     <span class='ocr_line' id='line_1_46' title="bbox 0 0 1350 5122; baseline 0 0"><span class='ocrx_word' id='word_1_287' title='bbox 0 0 1350 5122; x_wconf 95' lang='lat' dir='ltr'><strong> </strong></span> 
     </span>
    </p>
   </div>
  </div>
 </body>
</html>
