2692 5122
177 388 235 445 318
474 381 501 429 Ρ.
515 381 678 431 vincturi
698 382 868 429 MARONIS

176 519 285 578 Victus
298 539 398 577 amore
412 521 465 591 tui,
482 530 611 598 cognato
625 520 770 598 sunguine
786 522 891 592 rictus,

177 613 325 692 Oonjugis
339 624 368 671 et
384 625 496 673 moestae
511 614 661 691 lacrymis,
678 615 776 673 vincla
789 615 888 672 omnia
901 613 966 691 rupi
983 631 991 682 ;
1124 615 1167 672 w

176 706 357 766 Promissam
372 709 467 784 eripui
480 727 593 784 genero
608 727 615 776 ;
639 726 723 764 arma
736 707 825 784 impia
843 708 963 784 sumpsi.

176 801 224 861 Ex
239 803 288 860 illo
304 803 353 878 qui
369 822 414 860 me
433 822 532 872 casus,
550 822 627 880 quae,
643 802 758 870 Turne,
774 810 937 877 sequantur

176 894 273 966 Bella,
290 895 394 965 vides;
419 909 546 972 quantos
560 897 670 972 primus
686 896 799 973 patiare
817 896 944 954 labores.

175 987 229 1047 Bis
243 989 353 1066 magud
367 990 436 1046 victi
452 988 553 1066 pugna
567 990 614 1046 vix
629 991 702 1046 urbe
717 997 835 1047 tuemur

177 1082 252 1159 Spes
267 1082 360 1140 ltalas
377 1102 385 1151 3
409 1083 542 1140 recalent
557 1090 658 1139 nostro
671 1082 816 1140 Tiberina
829 1082 941 1139 fluenta
1123 1080 1166 1139 35

176 1175 329 1253 Sanguine
344 1176 453 1246 adhuc,
470 1176 626 1252 campique
642 1175 778 1251 ingentes
792 1175 910 1232 ossibus
923 1174 1034 1233 albent.

176 1267 246 1335 Quo
263 1269 378 1326 referor
391 1268 502 1326 toties?
525 1289 591 1344 quae
606 1278 734 1325 mentem
749 1268 864 1326 insania
878 1276 971 1325 mutat
987 1266 998 1323 ?

177 1363 221 1431 si,
237 1363 340 1420 Turno
355 1364 511 1434 exstincto,
527 1363 625 1420 socios
641 1382 705 1420 sum
720 1361 835 1419 adscire
854 1371 986 1438 paratus,

177 1454 243 1514 Cur
257 1476 314 1513 non
330 1456 469 1513 incolumi
485 1455 580 1532 potiiis
594 1456 758 1513 certamina
772 1456 842 1512 tollo
856 1454 866 1510 l

177 1547 258 1615 Quid
271 1549 485 1626 consanguinei
501 1549 616 1618 Rutuli,
634 1548 703 1623 quid
718 1556 828 1605 caetera
842 1549 920 1606 dicet
1124 1547 1165 1605 40

102 1708 106 1718 ι
178 1638 275 1712 Italia,
293 1642 330 1698 ad
345 1651 469 1699 mortem
482 1642 507 1699 si
521 1654 550 1699 te
567 1641 658 1716 (Fors
671 1641 752 1697 dicta
766 1641 874 1699 refutet
890 1641 913 1717 l)

176 1733 372 1806 Prodiderim‚
388 1744 489 1792 natam
502 1744 530 1792 et
546 1734 694 1791 connubia
709 1743 811 1791 nostra
826 1733 998 1811 petentem?

177 1826 308 1904 Respice
322 1847 371 1885 res
385 1829 463 1886 bello
478 1829 598 1897 varias;
624 1829 764 1885 miserere
779 1829 909 1904 parentis

175 1919 332 1998 Longaevi,
350 1941 436 1997 quern
451 1942 530 1980 nunc
546 1931 682 1980 moestum
697 1923 793 1998 patria
807 1922 909 1979 Ardea
923 1921 1011 2001 longe

176 2013 299 2074 Dividit.
342 2014 587 2092 Haudquaquam
601 2016 688 2073 dictis
702 2015 842 2074 violentia
854 2014 949 2073 Turni
1126 2014 1166 2072 45

176 2107 345 2166 Flectitur:
368 2118 529 2186 exsuperat
544 2109 650 2186 magis,
668 2109 865 2185 aegrescitque
887 2106 1043 2167 medendo.

176 2199 217 2258 Ut
232 2200 355 2278 primum
370 2202 425 2259 fari
440 2202 543 2278 potuit,
559 2203 602 2260 sic
617 2202 719 2260 institit
734 2221 785 2259 ore
802 2220 809 2258 :

178 2293 278 2360 Quam
294 2315 345 2371 pro
360 2314 406 2352 me
421 2314 524 2353 curam
537 2296 629 2371 geris,
645 2294 723 2351 hanc
741 2314 857 2371 precor,
873 2295 993 2371 optime,
1011 2312 1064 2372 pro
1077 2313 1125 2353 mo

179 2386 332 2463 Deponas,
346 2387 497 2463 letumque
511 2388 591 2445 sinas
606 2407 659 2463 pro
674 2387 761 2444 laude
778 2388 899 2464 pacisci.

178 2479 218 2537 Et
233 2500 286 2537 nos
299 2481 371 2551 tela,
385 2489 478 2556 pater,
496 2480 665 2555 ferrumque
680 2480 759 2537 haud
773 2481 869 2539 debile
883 2478 989 2539 dertrd
1127 2482 1169 2539 50

178 2573 361 2649 Spargimur,
378 2582 407 2629 et
422 2582 522 2630 nostro
536 2573 671 2648 sequitur
685 2573 722 2630 de
738 2574 859 2630 vulnere
873 2573 1007 2651 sanguia.

176 2662 282 2740 Longe
297 2666 339 2722 illi
353 2666 410 2721 dea
424 2673 517 2722 mater
531 2665 597 2735 erit,
615 2685 681 2740 quae
696 2667 775 2723 nube
789 2666 928 2743 fugacem

177 2756 335 2816 Foemined
348 2766 442 2834 tegat,
458 2767 487 2815 et
502 2758 585 2816 vanis
600 2778 667 2816 sese
682 2759 799 2817 occulat
814 2759 934 2818 umbris.

217 2850 258 2908 At
273 2851 388 2929 regina,
406 2850 484 2908 nord
497 2871 603 2928 pugnae
618 2852 780 2910 conterrita
793 2861 885 2922 sorte,

180 2944 296 3016 Flebat,
313 2953 341 3002 et
357 2945 509 3003 ardentem
523 2965 667 3022 generum
681 2946 822 3003 moritura
833 2946 955 3003 tenebat
971 2964 978 3001 ι
1126 2947 1168 3004 55

179 3038 291 3110 Turne,
309 3058 361 3116 per
376 3039 430 3097 has
444 3058 502 3117 ego
516 3048 545 3096 te
560 3038 719 3115 lacrymas,
736 3058 790 3116 per
804 3039 828 3096 si
848 3039 914 3114 quis
927 3038 1046 3098 Amatae

177 3131 289 3210 Tangit
304 3132 397 3189 honos
413 3133 543 3189 animum
559 3132 641 3209 (spes
656 3140 687 3208 tu
702 3151 780 3189 nunc
795 3151 863 3201 una,
882 3139 1013 3190 senectae

177 3224 226 3282 Tu
241 3225 361 3299 requies
375 3225 502 3295 miserm,
519 3224 611 3282 decus
626 3225 838 3301 imperiumque
853 3224 953 3283 Latini

177 3317 225 3375 Te
240 3337 340 3393 penes,
358 3317 385 3374 in
401 3328 429 3375 te
445 3318 539 3375 omnis
553 3317 656 3375 domus
671 3318 811 3375 inclinata
825 3317 998 3394 recumbit,)

178 3409 277 3467 Unum
291 3429 363 3479 oro;
387 3410 496 3467 desiste
512 3430 631 3467 manum
645 3411 826 3468 committere
842 3409 978 3469 Teucris.
1126 3413 1168 3469 60

179 3501 241 3571 Qui
254 3513 283 3561 te
298 3523 426 3579 cumque
440 3512 559 3561 manent
575 3504 631 3561 isto
645 3504 809 3562 certamine
824 3523 924 3574 casus,

178 3595 219 3655 Et
233 3616 291 3667 me,
307 3596 421 3667 Turne,
437 3604 565 3655 manent.
609 3596 701 3655 Simul
717 3597 782 3654 haec
797 3597 892 3655 invisa
906 3597 1073 3673 relinquam

178 3686 307 3747 Lumina
322 3709 330 3758 ;
355 3708 411 3747 nec
425 3709 569 3767 generum
583 3691 705 3748 AEnean
720 3691 838 3768 captiva
851 3691 966 3750 videbo.

178 3783 305 3861 Accepit
320 3802 424 3841 vocem
438 3784 576 3861 lacrymis
589 3783 717 3842 Lavinia
736 3785 847 3857 matris,

178 3875 359 3953 Flagrantes
374 3877 494 3954 persuaa
506 3896 624 3954 genas;
649 3878 697 3936 cui
712 3878 855 3955 plurimus
868 3878 968 3955 ignem
1128 3880 1170 3938 66

180 3969 312 4044 subjecit
326 3972 417 4028 rubor
431 3978 460 4028 et
473 3970 620 4029 calefacta
634 3991 754 4049 perora
768 3971 909 4031 cucurrit.

181 4064 285 4125 lndum
299 4068 464 4144 sanguineo
478 4066 570 4125 veluti
584 4067 737 4126 violaverit
751 4076 831 4126 ostro

180 4160 212 4219 Si
226 4159 292 4237 quis
305 4163 381 4220 ebur
395 4181 403 4233 ;
427 4170 478 4221 aut
492 4160 584 4221 mixta
597 4163 705 4222 rubent
720 4161 770 4220 ubi
783 4160 845 4220 lilia
858 4158 952 4221 multd
