2692 5122
176 408 236 467 203
463 402 489 449 r.
508 401 673 449 vinorum
694 400 869 451 nasonis

76 578 79 586 ·
175 542 361 605 Dardanium
375 541 509 612 AEnean,
524 559 728 618 generumque
742 541 912 612 adsciverit,
927 539 1003 599 urbi.

175 636 357 696 Praefodiunt
371 635 421 693 alii
436 643 546 711 portas,
564 642 615 691 aut
629 653 702 692 saxa
717 635 866 711 sudesque

177 733 369 790 Subvectant.
411 729 497 787 Bello
510 728 561 786 dat
575 729 692 806 signum
706 748 801 787 rauca
814 736 969 787 crucntum

177 824 328 885 Buccina.
369 824 448 881 Tum
463 843 562 882 muros
576 821 660 880 varii
674 821 796 882 cinxere
810 821 931 882 coronia

178 918 328 978 Matronae
344 918 487 995 puerique
501 935 508 973 :
529 925 616 975 vocat
630 916 716 974 labor
730 917 848 975 ultimus
862 935 974 975 omnes.
1110 990 1113 995 Ι

178 1011 244 1070 Nec
259 1030 316 1068 non
331 1010 366 1068 nd
382 1011 520 1087 templum
535 1028 724 1085 summasque
740 1009 776 1067 ad
790 1008 922 1067 Palladis
936 1028 1024 1069 arces

179 1107 359 1165 Subvehitur
372 1105 483 1184 magnii
496 1115 622 1163 matrum
636 1106 741 1183 regina
756 1104 889 1176 catervii,

177 1199 268 1258 Dona
282 1200 380 1258 serens
397 1219 405 1269 ;
424 1200 571 1276 justeque
586 1218 687 1257 comes
701 1199 830 1256 Lavinia
843 1200 938 1278 virgo,

178 1291 283 1352 Causa
296 1293 365 1350 mali
378 1293 462 1363 tanti,
478 1292 582 1351 oculos
596 1292 713 1368 dejecta
728 1292 863 1352 decoros.

179 1386 349 1443 Succedunt
363 1395 483 1456 matres,
500 1394 529 1442 et
544 1386 684 1462 templum
697 1386 784 1443 thure
799 1394 953 1462 vaporant,

178 1478 217 1537 Et
233 1487 355 1536 moestas
370 1479 430 1536 alto
444 1478 568 1535 fundunt
584 1479 620 1535 de
635 1479 734 1535 limine
750 1498 860 1537 voces:

177 1572 377 1648 Armipotens,
394 1590 506 1648 proeses
520 1570 599 1640 belli,
615 1571 752 1628 Tritonia
766 1571 861 1649 virgo,

177 1663 299 1741 Frange
315 1683 403 1721 manu
417 1664 508 1721 telum
522 1662 645 1739 Phrygii
661 1664 818 1739 praedonis,
835 1673 865 1722 et
879 1665 975 1742 ipsum

177 1755 308 1815 Pronum
322 1765 422 1814 sterne
436 1757 510 1826 solo,
528 1756 679 1833 portisque
695 1756 812 1815 effunde
827 1760 882 1815 sub
897 1758 973 1817 altis.

217 1848 359 1928 Cingitur
373 1851 438 1927 ipse
453 1849 555 1907 surena
569 1849 705 1905 certatim
720 1849 748 1906 in
763 1851 868 1927 proelia
880 1851 1011 1910 Turnus.

175 1942 304 2019 Jamque
320 1943 396 2001 aded
412 1943 556 2000 Rutulum
569 1942 693 1999 thoraca
707 1942 826 2000 indutus
840 1944 944 2002 ahenis

176 2036 330 2095 Horrebat
345 2036 488 2113 squamis,
503 2054 650 2112 surasque
665 2035 826 2093 incluserat
842 2056 927 2108 auro,

175 2130 327 2208 Tempora
340 2130 437 2189 nudus
452 2131 571 2199 adhuc;
594 2130 741 2206 laterique
756 2131 927 2189 accinxerat
941 2149 1043 2189 ensem
1059 2149 1067 2200 ;

176 2224 386 2302 Fulgebatque
401 2223 461 2283 alit
475 2224 638 2283 decurrens
652 2244 762 2282 aureus
776 2244 846 2283 arce
860 2244 868 2295 ;
1103 2225 1166 2285 490

177 2316 375 2393 Exsultatque
389 2317 505 2387 animis,
522 2326 551 2375 et
565 2336 618 2394 spe
632 2318 694 2392 jam
710 2318 842 2394 principit
858 2319 980 2377 hostem.

177 2408 295 2480 Qualis,
313 2410 362 2467 nbi
377 2410 511 2487 abruptis
525 2409 599 2486 sugit
614 2410 760 2487 praesepia
774 2411 889 2481 vinclis,

176 2501 313 2559 Tandem
326 2503 412 2573 liber,
429 2521 535 2578 equus,
550 2521 715 2579 campoque
730 2504 838 2580 potitus
855 2510 958 2580 aperto
974 2523 983 2574 ;

176 2596 237 2652 Aut
252 2594 300 2651 illa
316 2594 344 2651 in
360 2604 462 2672 pastus
475 2604 668 2671 armentaque
683 2597 775 2653 tendit
790 2616 945 2672 equarum,

176 2689 238 2745 Aut
252 2695 390 2745 assuetus
401 2707 487 2764 aquae
502 2688 639 2765 perfundi
652 2689 771 2747 flumine
786 2698 856 2747 noto

176 2781 305 2851 Emicat,
323 2781 507 2856 arrectisque
522 2781 618 2839 sremit
633 2782 804 2840 cervicibus
818 2783 875 2842 altd

176 2871 366 2943 Luxurians;
390 2874 555 2950 luduntque
565 2875 646 2950 jubas
662 2894 714 2952 per
730 2876 818 2946 colla,
835 2896 888 2953 per
902 2895 1009 2936 armos.

176 2966 274 3026 Obvia
288 2967 347 3036 cui,
361 2967 542 3025 Volscorum
556 2969 621 3025 acie
636 2969 806 3039 comitante,
823 2969 954 3028 Camilla

176 3060 327 3131 Occurrit,
344 3061 496 3137 portisque
511 3063 548 3119 ab
563 3081 641 3137 equo
655 3062 761 3139 regina
774 3064 829 3119 sub
844 3063 915 3140 ipsis

175 3152 306 3212 Desiluit
323 3173 329 3211 :
354 3174 443 3231 quarn
456 3164 518 3213 tota
532 3156 641 3213 cohors
654 3155 767 3213 imitata
782 3155 894 3213 relictis

176 3247 223 3305 Ad
238 3256 350 3306 terram
364 3248 485 3306 defluxit
498 3249 593 3325 equis.
636 3248 714 3306 Tum
728 3249 799 3306 talia
814 3249 891 3306 fatur
905 3267 913 3306 t

176 3341 291 3413 Turne,
307 3342 353 3399 sui
367 3342 472 3400 meritb
487 3343 511 3399 si
527 3362 586 3419 qua
600 3351 644 3400 est
659 3343 769 3401 fiducia
783 3342 861 3413 sorti,

176 3435 293 3504 Audeo,
311 3442 341 3492 et
354 3434 529 3493 AEneadirm
544 3435 680 3512 promitto
694 3455 853 3493 occurrere
868 3444 984 3508 turmae,

178 3527 308 3603 Solaquo
321 3527 496 3603 Tyrrhenos
510 3529 624 3603 equites
639 3528 682 3585 ire
697 3529 785 3586 obvia
801 3538 915 3588 contra.

176 3618 229 3679 Ma
243 3621 307 3677 sinc
324 3620 416 3696 prima
431 3638 519 3677 manu
533 3629 648 3677 tentare
663 3620 796 3698 pericula
812 3621 881 3678 belli
897 3638 904 3678 ε

177 3713 225 3771 Tu
242 3714 332 3789 pedes
347 3713 383 3769 ad
398 3732 498 3770 muros
511 3713 650 3783 subsiste,
666 3721 696 3770 et
710 3714 820 3772 moenia
833 3733 930 3773 serva.

217 3805 340 3863 Turnus
354 3805 392 3862 ad
406 3807 481 3877 hoec,
499 3807 602 3864 oculos
616 3805 767 3864 horrendi
780 3808 810 3865 in
825 3808 939 3886 virgine
955 3808 1052 3867 fixus:

176 3897 215 3969 Ο,
230 3897 323 3956 decus
338 3899 442 3971 ltaliae,
459 3900 553 3977 virgo,
571 3919 646 3976 quas
660 3900 759 3958 dicere
773 3908 885 3976 grates,

177 3990 302 4057 Quosve
316 3993 430 4051 referre
446 4012 546 4070 parem
561 3993 571 4049 i
594 3993 646 4051 sed
661 4012 750 4063 nunc,
767 4001 812 4049 est
826 3993 925 4051 omnia
938 3994 1057 4071 quando

178 4083 239 4143 late
254 4086 370 4144 animus
383 4106 483 4163 supra,
500 4106 615 4145 mecum
630 4086 739 4164 partire
754 4085 896 4143 laborem.
1104 4088 1165 4147 510

178 4178 307 4253 AEncas,
323 4188 355 4238 ut
369 4179 447 4238 sama
461 4181 549 4240 fidem
562 4180 703 4256 missique
716 4185 869 4257 reportant
