2692 5122
473 752 694 802 eudaemon
715 750 784 801 m.
799 753 818 800 1.

148 892 242 966 Quid,
259 893 322 971 qui,
338 913 377 952 ne
391 893 524 972 gravidis
539 895 713 971 procumbat
728 893 845 952 eulmus
858 892 968 965 aristis

146 987 313 1048 Luxuriem
326 997 465 1067 segetum
476 988 581 1046 teneri
598 987 732 1066 depascit
746 989 776 1045 in
790 985 896 1059 her-bd,

149 1084 252 1152 Quum
265 1083 393 1162 primum
405 1084 507 1143 sulcos
521 1092 642 1160 aequant
655 1092 722 1142 sata
737 1084 748 1140 l
770 1083 880 1160 quique
895 1081 1011 1162 paludis

150 1180 322 1241 Colleetum
336 1180 490 1239 humorem
504 1179 608 1238 bibuli
621 1180 741 1238 deducit
757 1177 852 1238 arenti
866 1179 877 1235 l

147 1274 323 1336 Praesertim
336 1275 459 1333 incertis
473 1275 500 1333 si
513 1275 665 1334 mensibus
679 1274 775 1332 amnis
789 1272 945 1332 abundans
1087 1273 1142 1333 lid

148 1368 230 1440 Exit,
247 1376 277 1426 et
291 1367 421 1427 obdueto
435 1368 494 1426 late
509 1376 591 1427 tenet
606 1368 705 1427 omnia
718 1368 798 1440 limo,

148 1461 235 1521 Unde
251 1480 334 1520 cavas
348 1461 449 1539 tepido
464 1461 572 1520 sudant
586 1462 710 1521 humore
725 1461 852 1520 laeuum.

187 1556 256 1614 Nee
265 1567 377 1627 tamen,
390 1555 456 1613 hoee
468 1574 558 1630 quum
568 1554 626 1613 sint
638 1555 849 1631 hominumque
860 1555 1009 1631 boumque
1022 1552 1141 1613 labores

148 1647 307 1708 Versando
320 1657 435 1707 terram
448 1649 572 1726 experti,
589 1649 661 1707 nihil
677 1649 827 1725 improbus
842 1667 942 1720 anser,

149 1743 388 1820 Strymoniaeque
403 1761 506 1820 grues,
523 1750 553 1800 et
567 1742 677 1800 amaris
692 1741 795 1799 intuba
810 1742 903 1812 fibris,
1087 1741 1142 1800 120

149 1835 303 1907 Officiunt,
320 1844 371 1894 aut
387 1837 492 1894 umbra
505 1843 604 1895 nocet.
646 1836 739 1894 Pater
753 1835 817 1913 ipse
831 1834 950 1893 colendi
1131 1840 1134 1845 '

149 1928 243 1987 Haud
257 1929 377 1989 facilem
391 1949 458 1988 esse
474 1929 552 1987 viam
566 1929 657 1989 voluit
673 1949 681 1999 3
705 1929 877 2007 primusque
892 1947 946 2007 per
958 1935 1056 1988 artem

148 2021 242 2082 Movit
257 2042 359 2102 agros,
373 2024 455 2082 euris
469 2043 583 2082 acuens
597 2023 733 2082 mortalia
746 2023 839 2081 corda
855 2041 864 2093 3

149 2115 178 2176 N
180 2135 216 2175 ee
229 2129 349 2195 torpere
363 2117 448 2195 gravi
464 2136 568 2194 passus
583 2137 638 2175 sua
651 2136 747 2196 regna
761 2124 894 2176 veterno.

73 2276 77 2283 ‚
186 2211 266 2269 Ante
279 2211 389 2270 Jovem
402 2211 475 2269 nulli
489 2211 668 2289 subigebant
682 2230 756 2268 arva
769 2210 868 2269 coloni
883 2229 892 2280 3
928 2268 940 2280 ,
1084 2209 1141 2270 126

149 2302 198 2363 Ne
211 2304 333 2382 signare
349 2304 468 2380 quidem
483 2312 534 2361 aut
551 2305 655 2381 partiri
668 2304 761 2363 limite
775 2323 915 2383 eampum

149 2397 211 2456 Fas
224 2406 289 2457 erat
304 2417 312 2468 3
336 2398 366 2456 in
385 2397 514 2456 medium
529 2399 705 2472 quaerebant
721 2417 729 2466 3
753 2398 879 2475 ipsaque
892 2397 983 2456 tellus

149 2491 257 2550 Omnia
276 2492 411 2563 liberius,
430 2491 511 2548 nullo
527 2500 681 2568 poseente,
697 2490 822 2549 serebat.

150 2585 204 2643 Ille
224 2586 334 2644 malum
349 2586 432 2644 virus
446 2584 636 2662 serpentibus
650 2583 761 2641 addidit
778 2583 861 2656 atris,

150 2677 343 2755 Praedarique
356 2679 443 2756 lupos
460 2678 560 2754 jussit,
578 2685 758 2754 pontumque
773 2677 895 2750 moveri,

150 2772 306 2850 Mellaque
321 2773 453 2832 decussit
468 2773 556 2845 foliis,
573 2773 732 2850 ignemque
748 2772 884 2845 removit,

148 2866 187 2925 Et
201 2868 312 2945 passim
327 2868 400 2926 rivis
414 2867 566 2926 currentia
580 2867 649 2925 vina
666 2867 809 2944 repressit
823 2886 830 2924 ι

147 2959 186 3018 Ut
201 2962 300 3019 varias
314 2980 387 3019 usus
401 2961 571 3019 meditando
585 2960 761 3019 extunderet
780 2969 862 3019 artes

147 3053 306 3126 Paulatim,
324 3062 353 3112 et
367 3055 459 3113 sulcis
473 3055 612 3113 frumenti
627 3063 775 3131 quaereret
790 3055 913 3113 herbam
928 3073 937 3126 3

147 3147 186 3207 Ut
198 3149 293 3207 silicis
306 3149 392 3207 venis
406 3150 575 3207 abstrusum
589 3149 752 3207 excuderet
769 3149 878 3226 ignem.

147 3241 233 3301 Tune
248 3243 334 3301 alnos
348 3242 473 3320 primitur
487 3243 569 3302 fluvii
585 3240 708 3302 sensere
723 3251 847 3301 cavatas
863 3263 871 3313 3

147 3335 258 3394 Navita
271 3346 337 3394 tum¹
349 3336 444 3394 stellis
457 3356 599 3395 numeros
613 3346 642 3394 et
657 3338 777 3395 nomina
791 3337 873 3408 feeit,

147 3428 298 3501 Pleiadas,
314 3430 453 3508 Hyadas,
468 3431 642 3506 claramque
655 3430 809 3506 Lycaonis
823 3430 947 3490 Arcton.

148 3520 225 3580 Tum
244 3524 362 3600 laqueis
381 3531 505 3601 captare
520 3523 611 3595 ieras,
628 3533 658 3581 et
673 3523 777 3582 fallere
791 3523 886 3595 visco,

147 3614 315 3688 inventum,
331 3626 361 3676 et
375 3636 501 3695 magnos
515 3617 641 3676 canibus
655 3617 843 3676 circumdare
858 3617 953 3676 saltus
970 3637 978 3689 3

146 3710 246 3787 Atque
262 3711 338 3770 alius
353 3713 446 3770 latum
460 3709 552 3770 lundis
568 3712 631 3788 jum
646 3714 784 3770 verberat
798 3731 927 3783 amnem,

146 3803 217 3862 Alta
232 3812 336 3882 petens
353 3825 361 3875 3
385 3806 553 3884 pelagoque
569 3807 645 3864 alius
658 3807 749 3864 trahit
763 3806 884 3864 humida
898 3806 967 3868 lina.

146 3896 223 3957 Turn
238 3898 310 3957 ferri
324 3900 417 3978 rigor,
435 3910 525 3976 atque
540 3909 655 3979 argutae
670 3901 781 3959 lamina
796 3920 900 3974 serrae,

148 3990 239 4066 (Nam
253 3994 340 4072 primi
354 3995 459 4053 cuneis
473 3995 648 4054 scindebant
663 3995 755 4053 fissile
771 3995 898 4074 lignum)

146 4087 223 4148 Turn
237 4091 329 4150 variar
344 4089 456 4151 vendre
471 4100 560 4151 artes.
601 4091 706 4150 Labor
720 4092 819 4150 omnia
832 4093 903 4151 vieit

147 4179 315 4260 Improbus,
331 4192 361 4244 et
374 4185 457 4243 duris
472 4205 583 4264 urgens
599 4186 627 4243 in
643 4187 733 4243 rebus
748 4194 878 4265 egestas.

184 4276 287 4337 Prima
301 4277 399 4338 Ceres
414 4279 493 4362 ferro
507 4280 648 4338 mortales
663 4287 781 4338 vertere
802 4288 912 4339 terram

147 4368 276 4431 Instituit
294 4391 302 4443 3
331 4393 421 4449 quum
438 4372 501 4450 jam
514 4373 641 4452 glandes
655 4384 746 4451 atque
762 4375 868 4433 arbuta
881 4393 977 4435 saerae

147 4461 322 4525 Deficerent
337 4467 431 4551 silvas,
447 4476 477 4527 et
492 4469 602 4527 vietum
615 4469 745 4528 Dodona
758 4476 898 4548 negaret.

146 4555 218 4620 Mox
230 4569 261 4622 et
275 4561 432 4622 frumentis
444 4563 530 4623 labor
544 4563 662 4623 additus
676 4582 684 4634 3
709 4571 739 4622 ut
753 4562 833 4622 mala
847 4562 962 4622 culmos

444 4660 464 4715 4
