<?xml version="1.0" encoding="UTF-8"?>
<!DOCTYPE html PUBLIC "-//W3C//DTD XHTML 1.0 Transitional//EN"
    "http://www.w3.org/TR/xhtml1/DTD/xhtml1-transitional.dtd">
<html xmlns="http://www.w3.org/1999/xhtml" xml:lang="en" lang="en">
 <head>
  <title>
</title>
<meta http-equiv="Content-Type" content="text/html;charset=utf-8" />
  <meta name='ocr-system' content='tesseract 3.04.00' />
  <meta name='ocr-capabilities' content='ocr_page ocr_carea ocr_par ocr_line ocrx_word'/>
</head>
<body>
  <div class='ocr_page' id='page_1' title='image "./pvirgiliimaroni00bowegoog/pvirgiliimaroni00bowegoog_0274.png"; bbox 0 0 2692 5122; ppageno 0'>
   <div class='ocr_carea' id='block_1_1' title="bbox 426 409 436 426">
    <p class='ocr_par' dir='ltr' id='par_1_1' title="bbox 426 409 436 426">
     <span class='ocr_line' id='line_1_1' title="bbox 426 409 436 426; baseline 0 0"><span class='ocrx_word' id='word_1_1' title='bbox 426 409 436 426; x_wconf 78' lang='lat'><em>0</em></span> 
     </span>
    </p>
   </div>
   <div class='ocr_carea' id='block_1_2' title="bbox 505 771 829 821">
    <p class='ocr_par' dir='ltr' id='par_1_2' title="bbox 505 771 829 821">
     <span class='ocr_line' id='line_1_2' title="bbox 505 771 829 821; baseline 0.006 -2"><span class='ocrx_word' id='word_1_2' title='bbox 505 771 678 819; x_wconf 63' lang='lat' dir='ltr'>ENEIDOS</span> <span class='ocrx_word' id='word_1_3' title='bbox 697 773 768 820; x_wconf 69' lang='lat' dir='ltr'><strong>nte.</strong></span> <span class='ocrx_word' id='word_1_4' title='bbox 782 773 829 821; x_wconf 84' lang='lat' dir='ltr'><strong>tx.</strong></span> 
     </span>
    </p>
   </div>
   <div class='ocr_carea' id='block_1_3' title="bbox 178 907 983 1081">
    <p class='ocr_par' dir='ltr' id='par_1_3' title="bbox 178 907 983 1081">
     <span class='ocr_line' id='line_1_3' title="bbox 182 907 983 987; baseline 0.001 -17"><span class='ocrx_word' id='word_1_5' title='bbox 182 907 341 985; x_wconf 73' lang='lat' dir='ltr'><strong>conjicite,</strong></span> <span class='ocrx_word' id='word_1_6' title='bbox 357 927 375 966; x_wconf 95' lang='lat' dir='ltr'><strong>o</strong></span> <span class='ocrx_word' id='word_1_7' title='bbox 389 908 493 967; x_wconf 80' lang='lat' dir='ltr'><strong>Rutuli</strong></span> <span class='ocrx_word' id='word_1_8' title='bbox 508 928 516 978; x_wconf 76' lang='grc' dir='ltr'><strong>ς</strong></span> <span class='ocrx_word' id='word_1_9' title='bbox 539 928 586 967; x_wconf 91' lang='lat' dir='ltr'><strong>me</strong></span> <span class='ocrx_word' id='word_1_10' title='bbox 600 910 723 987; x_wconf 78' lang='lat' dir='ltr'><strong>primum</strong></span> <span class='ocrx_word' id='word_1_11' title='bbox 736 910 881 970; x_wconf 74' lang='lat' dir='ltr'><strong>absumite</strong></span> <span class='ocrx_word' id='word_1_12' title='bbox 895 909 983 971; x_wconf 84' lang='lat' dir='ltr'><strong>ferro.</strong></span> 
     </span>
     <span class='ocr_line' id='line_1_4' title="bbox 178 999 943 1081; baseline 0.003 -20"><span class='ocrx_word' id='word_1_13' title='bbox 178 1001 240 1061; x_wconf 72' lang='lat' dir='ltr'><strong>ent</strong></span> <span class='ocrx_word' id='word_1_14' title='bbox 253 1010 297 1072; x_wconf 88' lang='lat' dir='ltr'><strong>tu,</strong></span> <span class='ocrx_word' id='word_1_15' title='bbox 313 1020 419 1079; x_wconf 72' lang='lat' dir='ltr'><strong>magne</strong></span> <span class='ocrx_word' id='word_1_16' title='bbox 433 1001 525 1059; x_wconf 83' lang='lat' dir='ltr'><strong>Peter</strong></span> <span class='ocrx_word' id='word_1_17' title='bbox 538 999 647 1074; x_wconf 74' lang='lat' dir='ltr'><strong>divum,</strong></span> <span class='ocrx_word' id='word_1_18' title='bbox 663 1004 816 1076; x_wconf 84' lang='lat' dir='ltr'><strong>miserere,</strong></span> <span class='ocrx_word' id='word_1_19' title='bbox 832 1014 943 1081; x_wconf 90' lang='lat' dir='ltr'><strong>tuoque</strong></span> 
     </span>
    </p>
   </div>
   <div class='ocr_carea' id='block_1_4' title="bbox 163 1092 1159 4616">
    <p class='ocr_par' dir='ltr' id='par_1_4' title="bbox 163 1092 1159 4616">
     <span class='ocr_line' id='line_1_5' title="bbox 179 1092 922 1172; baseline 0.003 -19"><span class='ocrx_word' id='word_1_20' title='bbox 179 1092 312 1153; x_wconf 73' lang='lat' dir='ltr'><strong>Inrmum</strong></span> <span class='ocrx_word' id='word_1_21' title='bbox 325 1094 382 1152; x_wconf 89' lang='lat' dir='ltr'><strong>hoc</strong></span> <span class='ocrx_word' id='word_1_22' title='bbox 396 1094 520 1153; x_wconf 88' lang='lat' dir='ltr'><strong>detrude</strong></span> <span class='ocrx_word' id='word_1_23' title='bbox 534 1103 624 1172; x_wconf 86' lang='lat' dir='ltr'><strong>ceput</strong></span> <span class='ocrx_word' id='word_1_24' title='bbox 638 1098 694 1154; x_wconf 90' lang='lat' dir='ltr'><strong>sub</strong></span> <span class='ocrx_word' id='word_1_25' title='bbox 707 1097 836 1155; x_wconf 84' lang='lat' dir='ltr'><strong>Tertere</strong></span> <span class='ocrx_word' id='word_1_26' title='bbox 851 1099 922 1169; x_wconf 89' lang='lat' dir='ltr'><strong>telo,</strong></span> 
     </span>
     <span class='ocr_line' id='line_1_6' title="bbox 163 1185 1011 1268; baseline 0.005 -22"><span class='ocrx_word' id='word_1_27' title='bbox 163 1199 165 1202; x_wconf 83' lang='lat'>&#39;</span> <span class='ocrx_word' id='word_1_28' title='bbox 180 1185 309 1257; x_wconf 77' lang='lat' dir='ltr'><strong>Quando</strong></span> <span class='ocrx_word' id='word_1_29' title='bbox 323 1187 410 1245; x_wconf 89' lang='lat' dir='ltr'><strong>eliter</strong></span> <span class='ocrx_word' id='word_1_30' title='bbox 423 1207 540 1264; x_wconf 78' lang='lat' dir='ltr'>nequeo</span> <span class='ocrx_word' id='word_1_31' title='bbox 555 1189 707 1247; x_wconf 75' lang='lat' dir='ltr'><strong>crudelem</strong></span> <span class='ocrx_word' id='word_1_32' title='bbox 720 1193 897 1268; x_wconf 80' lang='lat' dir='ltr'><strong>obrumpere</strong></span> <span class='ocrx_word' id='word_1_33' title='bbox 912 1191 1011 1251; x_wconf 87' lang='lat' dir='ltr'><strong>vitem.</strong></span> 
     </span>
     <span class='ocr_line' id='line_1_7' title="bbox 216 1281 1021 1363; baseline 0.001 -20"><span class='ocrx_word' id='word_1_34' title='bbox 216 1281 286 1343; x_wconf 90' lang='lat' dir='ltr'><strong>Hoc</strong></span> <span class='ocrx_word' id='word_1_35' title='bbox 302 1283 372 1341; x_wconf 87' lang='lat' dir='ltr'><strong>fletu</strong></span> <span class='ocrx_word' id='word_1_36' title='bbox 387 1284 525 1343; x_wconf 74' lang='lat' dir='ltr'><strong>concussi</strong></span> <span class='ocrx_word' id='word_1_37' title='bbox 540 1284 638 1356; x_wconf 77' lang='lat' dir='ltr'><strong>enimi,</strong></span> <span class='ocrx_word' id='word_1_38' title='bbox 655 1294 838 1361; x_wconf 85' lang='lat' dir='ltr'><strong>mmstusque</strong></span> <span class='ocrx_word' id='word_1_39' title='bbox 852 1305 906 1363; x_wconf 90' lang='lat' dir='ltr'><strong>per</strong></span> <span class='ocrx_word' id='word_1_40' title='bbox 919 1304 1021 1344; x_wconf 90' lang='lat' dir='ltr'><strong>omnes</strong></span> 
     </span>
     <span class='ocr_line' id='line_1_8' title="bbox 180 1374 927 1455; baseline 0.004 -21"><span class='ocrx_word' id='word_1_41' title='bbox 180 1374 207 1434; x_wconf 90' lang='lat' dir='ltr'><strong>It</strong></span> <span class='ocrx_word' id='word_1_42' title='bbox 217 1377 368 1454; x_wconf 76' lang='lat' dir='ltr'><strong>gemitus:</strong></span> <span class='ocrx_word' id='word_1_43' title='bbox 390 1384 507 1454; x_wconf 77' lang='lat' dir='ltr'><strong>torpent</strong></span> <span class='ocrx_word' id='word_1_44' title='bbox 521 1378 653 1436; x_wconf 71' lang='lat' dir='ltr'><strong>infracto</strong></span> <span class='ocrx_word' id='word_1_45' title='bbox 669 1378 706 1436; x_wconf 90' lang='lat' dir='ltr'><strong>ed</strong></span> <span class='ocrx_word' id='word_1_46' title='bbox 720 1379 826 1455; x_wconf 86' lang='lat' dir='ltr'><strong>proelie</strong></span> <span class='ocrx_word' id='word_1_47' title='bbox 840 1380 927 1438; x_wconf 87' lang='lat' dir='ltr'><strong>vires.</strong></span> 
     </span>
     <span class='ocr_line' id='line_1_9' title="bbox 179 1466 870 1543; baseline 0.001 -14"><span class='ocrx_word' id='word_1_48' title='bbox 179 1466 263 1529; x_wconf 73' lang='lat' dir='ltr'><strong>litem</strong></span> <span class='ocrx_word' id='word_1_49' title='bbox 277 1468 484 1527; x_wconf 79' lang='lat' dir='ltr'><strong>incendentem</strong></span> <span class='ocrx_word' id='word_1_50' title='bbox 498 1471 595 1528; x_wconf 88' lang='lat' dir='ltr'><strong>luctus</strong></span> <span class='ocrx_word' id='word_1_51' title='bbox 610 1470 709 1529; x_wconf 81' lang='lat' dir='ltr'><strong>ldaeus</strong></span> <span class='ocrx_word' id='word_1_52' title='bbox 723 1481 752 1529; x_wconf 94' lang='lat' dir='ltr'><strong>et</strong></span> <span class='ocrx_word' id='word_1_53' title='bbox 766 1473 870 1543; x_wconf 81' lang='lat' dir='ltr'><strong>Actor,</strong></span> 
     </span>
     <span class='ocr_line' id='line_1_10' title="bbox 180 1560 890 1641; baseline 0.001 -20"><span class='ocrx_word' id='word_1_54' title='bbox 180 1560 282 1621; x_wconf 83' lang='lat' dir='ltr'><strong>Ilionei</strong></span> <span class='ocrx_word' id='word_1_55' title='bbox 296 1563 418 1634; x_wconf 87' lang='lat' dir='ltr'><strong>monitu,</strong></span> <span class='ocrx_word' id='word_1_56' title='bbox 436 1571 465 1621; x_wconf 92' lang='lat' dir='ltr'><strong>et</strong></span> <span class='ocrx_word' id='word_1_57' title='bbox 479 1563 602 1621; x_wconf 78' lang='lat' dir='ltr'><strong>multum</strong></span> <span class='ocrx_word' id='word_1_58' title='bbox 615 1564 808 1641; x_wconf 75' lang='lat' dir='ltr'><strong>lacrymantis</strong></span> <span class='ocrx_word' id='word_1_59' title='bbox 822 1564 890 1635; x_wconf 92' lang='lat' dir='ltr'><strong>Iuli,</strong></span> 
     </span>
     <span class='ocr_line' id='line_1_11' title="bbox 180 1653 963 1735; baseline 0 -18"><span class='ocrx_word' id='word_1_60' title='bbox 180 1653 361 1732; x_wconf 81' lang='lat' dir='ltr'><strong>Corripiunt,</strong></span> <span class='ocrx_word' id='word_1_61' title='bbox 377 1656 513 1732; x_wconf 88' lang='lat' dir='ltr'><strong>interque</strong></span> <span class='ocrx_word' id='word_1_62' title='bbox 527 1676 631 1715; x_wconf 79' lang='lat' dir='ltr'><strong>manus</strong></span> <span class='ocrx_word' id='word_1_63' title='bbox 644 1659 699 1715; x_wconf 89' lang='lat' dir='ltr'><strong>sub</strong></span> <span class='ocrx_word' id='word_1_64' title='bbox 714 1667 795 1715; x_wconf 89' lang='lat' dir='ltr'><strong>tecte</strong></span> <span class='ocrx_word' id='word_1_65' title='bbox 808 1665 963 1735; x_wconf 87' lang='lat' dir='ltr'><strong>reponunt.</strong></span> 
     </span>
     <span class='ocr_line' id='line_1_12' title="bbox 215 1751 977 1829; baseline 0.003 -20"><span class='ocrx_word' id='word_1_66' title='bbox 215 1751 256 1809; x_wconf 83' lang='lat' dir='ltr'><strong>At</strong></span> <span class='ocrx_word' id='word_1_67' title='bbox 269 1751 342 1807; x_wconf 87' lang='lat' dir='ltr'><strong>tube</strong></span> <span class='ocrx_word' id='word_1_68' title='bbox 354 1751 517 1809; x_wconf 83' lang='lat' dir='ltr'><strong>terribilem</strong></span> <span class='ocrx_word' id='word_1_69' title='bbox 531 1752 658 1810; x_wconf 90' lang='lat' dir='ltr'><strong>sonitum</strong></span> <span class='ocrx_word' id='word_1_70' title='bbox 673 1754 776 1829; x_wconf 91' lang='lat' dir='ltr'><strong>procul</strong></span> <span class='ocrx_word' id='word_1_71' title='bbox 790 1772 851 1811; x_wconf 81' lang='lat' dir='ltr'><strong>mre</strong></span> <span class='ocrx_word' id='word_1_72' title='bbox 866 1772 977 1811; x_wconf 82' lang='lat' dir='ltr'><strong>canoro</strong></span> 
     </span>
     <span class='ocr_line' id='line_1_13' title="bbox 178 1841 979 1924; baseline 0.001 -21"><span class='ocrx_word' id='word_1_73' title='bbox 178 1841 329 1920; x_wconf 89' lang='lat' dir='ltr'><strong>Increpuit</strong></span> <span class='ocrx_word' id='word_1_74' title='bbox 343 1863 349 1900; x_wconf 92' lang='lat'><strong>:</strong></span> <span class='ocrx_word' id='word_1_75' title='bbox 371 1845 506 1919; x_wconf 90' lang='lat' dir='ltr'><strong>sequitur</strong></span> <span class='ocrx_word' id='word_1_76' title='bbox 519 1845 643 1916; x_wconf 88' lang='lat' dir='ltr'><strong>clemor,</strong></span> <span class='ocrx_word' id='word_1_77' title='bbox 659 1847 827 1923; x_wconf 84' lang='lat' dir='ltr'><strong>coelumque</strong></span> <span class='ocrx_word' id='word_1_78' title='bbox 841 1846 979 1924; x_wconf 79' lang='lat' dir='ltr'><strong>remugit.</strong></span> 
     </span>
     <span class='ocr_line' id='line_1_14' title="bbox 177 1936 878 2014; baseline 0 -18"><span class='ocrx_word' id='word_1_79' title='bbox 177 1937 366 2008; x_wconf 69' lang='lat' dir='ltr'><strong>decelerent,</strong></span> <span class='ocrx_word' id='word_1_80' title='bbox 383 1936 453 1995; x_wconf 76' lang='lat' dir='ltr'><strong>acti</strong></span> <span class='ocrx_word' id='word_1_81' title='bbox 466 1938 577 2014; x_wconf 78' lang='lat' dir='ltr'><strong>pariter</strong></span> <span class='ocrx_word' id='word_1_82' title='bbox 589 1939 748 2010; x_wconf 72' lang='lat' dir='ltr'><strong>testudine,</strong></span> <span class='ocrx_word' id='word_1_83' title='bbox 764 1938 878 2010; x_wconf 89' lang='lat' dir='ltr'><strong>Volsci,</strong></span> 
     </span>
     <span class='ocr_line' id='line_1_15' title="bbox 177 2028 904 2107; baseline 0.004 -19"><span class='ocrx_word' id='word_1_84' title='bbox 177 2028 216 2088; x_wconf 70' lang='lat' dir='ltr'><strong>ut</strong></span> <span class='ocrx_word' id='word_1_85' title='bbox 228 2029 326 2087; x_wconf 85' lang='lat' dir='ltr'><strong>sesses</strong></span> <span class='ocrx_word' id='word_1_86' title='bbox 340 2030 461 2107; x_wconf 90' lang='lat' dir='ltr'><strong>implere</strong></span> <span class='ocrx_word' id='word_1_87' title='bbox 476 2039 592 2107; x_wconf 78' lang='lat' dir='ltr'><strong>perant,</strong></span> <span class='ocrx_word' id='word_1_88' title='bbox 609 2049 645 2088; x_wconf 81' lang='lat' dir='ltr'><strong>sc</strong></span> <span class='ocrx_word' id='word_1_89' title='bbox 660 2032 770 2089; x_wconf 90' lang='lat' dir='ltr'><strong>vellere</strong></span> <span class='ocrx_word' id='word_1_90' title='bbox 785 2033 904 2091; x_wconf 87' lang='lat' dir='ltr'><strong>vellum.</strong></span> 
     </span>
     <span class='ocr_line' id='line_1_16' title="bbox 177 2120 999 2200; baseline 0.002 -19"><span class='ocrx_word' id='word_1_91' title='bbox 177 2120 323 2191; x_wconf 67' lang='lat' dir='ltr'><strong>steterunt</strong></span> <span class='ocrx_word' id='word_1_92' title='bbox 337 2142 406 2200; x_wconf 85' lang='lat' dir='ltr'><strong>pers</strong></span> <span class='ocrx_word' id='word_1_93' title='bbox 421 2123 539 2194; x_wconf 84' lang='lat' dir='ltr'><strong>editum,</strong></span> <span class='ocrx_word' id='word_1_94' title='bbox 556 2133 586 2181; x_wconf 93' lang='lat' dir='ltr'><strong>et</strong></span> <span class='ocrx_word' id='word_1_95' title='bbox 599 2123 690 2181; x_wconf 83' lang='lat' dir='ltr'><strong>ecelis</strong></span> <span class='ocrx_word' id='word_1_96' title='bbox 704 2125 869 2183; x_wconf 88' lang='lat' dir='ltr'><strong>escendere</strong></span> <span class='ocrx_word' id='word_1_97' title='bbox 887 2143 999 2197; x_wconf 89' lang='lat' dir='ltr'><strong>muros,</strong></span> 
     </span>
     <span class='ocr_line' id='line_1_17' title="bbox 178 2213 913 2310; baseline 0.003 -36"><span class='ocrx_word' id='word_1_98' title='bbox 178 2213 496 2287; x_wconf 63' lang='lat' dir='ltr'><strong>animaequiores,</strong></span> <span class='ocrx_word' id='word_1_99' title='bbox 512 2217 729 2293; x_wconf 86' lang='lat' dir='ltr'><strong>interlucetque</strong></span> <span class='ocrx_word' id='word_1_100' title='bbox 745 2237 855 2276; x_wconf 83' lang='lat' dir='ltr'><strong>corone</strong></span> <span class='ocrx_word' id='word_1_101' title='bbox 903 2286 913 2310; x_wconf 34' lang='lat' dir='ltr'>x</span> 
     </span>
     <span class='ocr_line' id='line_1_18' title="bbox 176 2307 1003 2386; baseline 0.001 -19"><span class='ocrx_word' id='word_1_102' title='bbox 176 2307 244 2367; x_wconf 81' lang='lat' dir='ltr'><strong>Non</strong></span> <span class='ocrx_word' id='word_1_103' title='bbox 258 2318 319 2367; x_wconf 85' lang='lat' dir='ltr'><strong>tem</strong></span> <span class='ocrx_word' id='word_1_104' title='bbox 333 2309 428 2386; x_wconf 88' lang='lat' dir='ltr'><strong>spisse</strong></span> <span class='ocrx_word' id='word_1_105' title='bbox 442 2309 528 2379; x_wconf 62' lang='lat' dir='ltr'><strong>viris,</strong></span> <span class='ocrx_word' id='word_1_106' title='bbox 564 2308 707 2367; x_wconf 84' lang='lat' dir='ltr'><strong>Telorum</strong></span> <span class='ocrx_word' id='word_1_107' title='bbox 721 2310 875 2368; x_wconf 81' lang='lat' dir='ltr'><strong>effundere</strong></span> <span class='ocrx_word' id='word_1_108' title='bbox 896 2310 1003 2369; x_wconf 68' lang='lat' dir='ltr'><strong>contre</strong></span> 
     </span>
     <span class='ocr_line' id='line_1_19' title="bbox 175 2398 1159 2478; baseline 0.001 -17"><span class='ocrx_word' id='word_1_109' title='bbox 175 2398 270 2462; x_wconf 79' lang='lat' dir='ltr'><strong>Onne</strong></span> <span class='ocrx_word' id='word_1_110' title='bbox 285 2421 380 2478; x_wconf 83' lang='lat' dir='ltr'><strong>genus</strong></span> <span class='ocrx_word' id='word_1_111' title='bbox 393 2402 516 2473; x_wconf 82' lang='lat' dir='ltr'><strong>Teucri,</strong></span> <span class='ocrx_word' id='word_1_112' title='bbox 533 2421 570 2460; x_wconf 86' lang='lat' dir='ltr'><strong>ec</strong></span> <span class='ocrx_word' id='word_1_113' title='bbox 583 2402 665 2460; x_wconf 89' lang='lat' dir='ltr'><strong>duris</strong></span> <span class='ocrx_word' id='word_1_114' title='bbox 678 2402 837 2460; x_wconf 90' lang='lat' dir='ltr'><strong>detrudere</strong></span> <span class='ocrx_word' id='word_1_115' title='bbox 852 2404 957 2473; x_wconf 89' lang='lat' dir='ltr'><strong>contis,</strong></span> <span class='ocrx_word' id='word_1_116' title='bbox 1100 2402 1159 2462; x_wconf 80' lang='grc'><strong>610</strong></span> 
     </span>
     <span class='ocr_line' id='line_1_20' title="bbox 175 2494 792 2572; baseline 0.002 -20"><span class='ocrx_word' id='word_1_117' title='bbox 175 2495 297 2553; x_wconf 78' lang='lat' dir='ltr'><strong>Amueti</strong></span> <span class='ocrx_word' id='word_1_118' title='bbox 309 2496 398 2572; x_wconf 82' lang='lat' dir='ltr'><strong>longo</strong></span> <span class='ocrx_word' id='word_1_119' title='bbox 413 2514 513 2558; x_wconf 87' lang='lat' dir='ltr'><strong>muros</strong></span> <span class='ocrx_word' id='word_1_120' title='bbox 528 2494 689 2552; x_wconf 86' lang='lat' dir='ltr'><strong>defendere</strong></span> <span class='ocrx_word' id='word_1_121' title='bbox 703 2496 792 2553; x_wconf 91' lang='lat' dir='ltr'><strong>bello.</strong></span> 
     </span>
     <span class='ocr_line' id='line_1_21' title="bbox 177 2585 952 2664; baseline 0.001 -19"><span class='ocrx_word' id='word_1_122' title='bbox 177 2587 255 2645; x_wconf 80' lang='lat' dir='ltr'><strong>Sus</strong></span> <span class='ocrx_word' id='word_1_123' title='bbox 269 2606 385 2663; x_wconf 91' lang='lat' dir='ltr'><strong>quoque</strong></span> <span class='ocrx_word' id='word_1_124' title='bbox 401 2587 507 2644; x_wconf 82' lang='lat' dir='ltr'><strong>int‘esto</strong></span> <span class='ocrx_word' id='word_1_125' title='bbox 523 2587 679 2645; x_wconf 81' lang='lat' dir='ltr'><strong>volvebant</strong></span> <span class='ocrx_word' id='word_1_126' title='bbox 694 2588 835 2664; x_wconf 90' lang='lat' dir='ltr'><strong>pondere,</strong></span> <span class='ocrx_word' id='word_1_127' title='bbox 851 2589 877 2646; x_wconf 93' lang='lat' dir='ltr'><strong>si</strong></span> <span class='ocrx_word' id='word_1_128' title='bbox 891 2585 952 2664; x_wconf 78' lang='lat' dir='ltr'><strong>qui</strong></span> 
     </span>
     <span class='ocr_line' id='line_1_22' title="bbox 176 2678 1106 2758; baseline 0.002 -20"><span class='ocrx_word' id='word_1_129' title='bbox 176 2678 301 2738; x_wconf 89' lang='lat' dir='ltr'><strong>Possent</strong></span> <span class='ocrx_word' id='word_1_130' title='bbox 315 2689 423 2737; x_wconf 85' lang='lat' dir='ltr'><strong>tectam</strong></span> <span class='ocrx_word' id='word_1_131' title='bbox 438 2681 532 2738; x_wconf 88' lang='lat' dir='ltr'><strong>eciem</strong></span> <span class='ocrx_word' id='word_1_132' title='bbox 549 2698 740 2758; x_wconf 87' lang='lat' dir='ltr'><strong>perrumpere</strong></span> <span class='ocrx_word' id='word_1_133' title='bbox 754 2700 761 2750; x_wconf 92' lang='lat'>;</span> <span class='ocrx_word' id='word_1_134' title='bbox 787 2700 876 2757; x_wconf 92' lang='lat' dir='ltr'><strong>quum</strong></span> <span class='ocrx_word' id='word_1_135' title='bbox 889 2691 990 2740; x_wconf 86' lang='lat' dir='ltr'><strong>temen</strong></span> <span class='ocrx_word' id='word_1_136' title='bbox 1004 2698 1106 2740; x_wconf 88' lang='lat' dir='ltr'><strong>omnes</strong></span> 
     </span>
     <span class='ocr_line' id='line_1_23' title="bbox 176 2770 861 2848; baseline 0.006 -18"><span class='ocrx_word' id='word_1_137' title='bbox 176 2770 269 2831; x_wconf 80' lang='lat' dir='ltr'><strong>Ferre</strong></span> <span class='ocrx_word' id='word_1_138' title='bbox 279 2774 364 2848; x_wconf 87' lang='lat' dir='ltr'><strong>juvet</strong></span> <span class='ocrx_word' id='word_1_139' title='bbox 378 2776 481 2831; x_wconf 83' lang='lat' dir='ltr'><strong>subter</strong></span> <span class='ocrx_word' id='word_1_140' title='bbox 494 2772 588 2832; x_wconf 74' lang='lat' dir='ltr'><strong>densi</strong></span> <span class='ocrx_word' id='word_1_141' title='bbox 601 2774 748 2832; x_wconf 79' lang='lat' dir='ltr'><strong>testudine</strong></span> <span class='ocrx_word' id='word_1_142' title='bbox 763 2794 861 2834; x_wconf 82' lang='lat' dir='ltr'><strong>cesus.</strong></span> 
     </span>
     <span class='ocr_line' id='line_1_24' title="bbox 176 2865 1157 2948; baseline 0.001 -22"><span class='ocrx_word' id='word_1_143' title='bbox 176 2865 242 2926; x_wconf 76' lang='lat' dir='ltr'><strong>Nec</strong></span> <span class='ocrx_word' id='word_1_144' title='bbox 252 2867 316 2941; x_wconf 84' lang='lat' dir='ltr'><strong>jem</strong></span> <span class='ocrx_word' id='word_1_145' title='bbox 329 2866 478 2923; x_wconf 86' lang='lat' dir='ltr'><strong>sufficiunt</strong></span> <span class='ocrx_word' id='word_1_146' title='bbox 494 2885 502 2935; x_wconf 83' lang='lat'>3</span> <span class='ocrx_word' id='word_1_147' title='bbox 526 2886 606 2938; x_wconf 90' lang='lat' dir='ltr'><strong>nem,</strong></span> <span class='ocrx_word' id='word_1_148' title='bbox 623 2867 684 2943; x_wconf 69' lang='lat' dir='ltr'><strong>qui</strong></span> <span class='ocrx_word' id='word_1_149' title='bbox 697 2868 803 2946; x_wconf 84' lang='lat' dir='ltr'><strong>globus</strong></span> <span class='ocrx_word' id='word_1_150' title='bbox 817 2869 947 2927; x_wconf 90' lang='lat' dir='ltr'><strong>imminet</strong></span> <span class='ocrx_word' id='word_1_151' title='bbox 960 2869 1077 2948; x_wconf 81' lang='lat' dir='ltr'><strong>ingens,</strong></span> <span class='ocrx_word' id='word_1_152' title='bbox 1098 2867 1157 2927; x_wconf 78' lang='lat' dir='ltr'><strong>oto</strong></span> 
     </span>
     <span class='ocr_line' id='line_1_25' title="bbox 176 2956 950 3038; baseline 0.004 -22"><span class='ocrx_word' id='word_1_153' title='bbox 176 2956 338 3017; x_wconf 74' lang='lat' dir='ltr'><strong>Immunem</strong></span> <span class='ocrx_word' id='word_1_154' title='bbox 351 2958 462 3016; x_wconf 86' lang='lat' dir='ltr'><strong>Teucri</strong></span> <span class='ocrx_word' id='word_1_155' title='bbox 477 2960 582 3018; x_wconf 88' lang='lat' dir='ltr'><strong>molem</strong></span> <span class='ocrx_word' id='word_1_156' title='bbox 596 2961 775 3036; x_wconf 85' lang='lat' dir='ltr'><strong>volvuntque</strong></span> <span class='ocrx_word' id='word_1_157' title='bbox 789 2971 950 3038; x_wconf 90' lang='lat' dir='ltr'><strong>ruuntque,</strong></span> 
     </span>
     <span class='ocr_line' id='line_1_26' title="bbox 176 3048 963 3133; baseline 0.004 -23"><span class='ocrx_word' id='word_1_158' title='bbox 176 3048 256 3119; x_wconf 77' lang='lat' dir='ltr'><strong>Quae&#39;</strong></span> <span class='ocrx_word' id='word_1_159' title='bbox 267 3052 372 3109; x_wconf 86' lang='lat' dir='ltr'><strong>strevit</strong></span> <span class='ocrx_word' id='word_1_160' title='bbox 385 3053 514 3110; x_wconf 88' lang='lat' dir='ltr'><strong>Rutulos</strong></span> <span class='ocrx_word' id='word_1_161' title='bbox 526 3052 596 3124; x_wconf 73' lang='lat' dir='ltr'><strong>leti,</strong></span> <span class='ocrx_word' id='word_1_162' title='bbox 614 3072 822 3133; x_wconf 79' lang='lat' dir='ltr'><strong>armorumque</strong></span> <span class='ocrx_word' id='word_1_163' title='bbox 843 3056 963 3114; x_wconf 90' lang='lat' dir='ltr'><strong>resolvit</strong></span> 
     </span>
     <span class='ocr_line' id='line_1_27' title="bbox 175 3143 964 3223; baseline 0.006 -21"><span class='ocrx_word' id='word_1_164' title='bbox 175 3143 333 3223; x_wconf 83' lang='lat' dir='ltr'><strong>Tegmine.</strong></span> <span class='ocrx_word' id='word_1_165' title='bbox 375 3146 403 3203; x_wconf 91' lang='lat' dir='ltr'>N</span> <span class='ocrx_word' id='word_1_166' title='bbox 406 3165 441 3203; x_wconf 91' lang='lat' dir='ltr'><strong>ec</strong></span> <span class='ocrx_word' id='word_1_167' title='bbox 455 3156 561 3204; x_wconf 90' lang='lat' dir='ltr'><strong>curent</strong></span> <span class='ocrx_word' id='word_1_168' title='bbox 575 3166 657 3205; x_wconf 82' lang='lat' dir='ltr'><strong>caeco</strong></span> <span class='ocrx_word' id='word_1_169' title='bbox 671 3148 850 3206; x_wconf 90' lang='lat' dir='ltr'><strong>contendere</strong></span> <span class='ocrx_word' id='word_1_170' title='bbox 864 3148 964 3207; x_wconf 88' lang='lat' dir='ltr'><strong>Merte</strong></span> 
     </span>
     <span class='ocr_line' id='line_1_28' title="bbox 175 3238 891 3318; baseline 0.006 -23"><span class='ocrx_word' id='word_1_171' title='bbox 175 3238 310 3315; x_wconf 75' lang='lat' dir='ltr'><strong>Amplius</strong></span> <span class='ocrx_word' id='word_1_172' title='bbox 324 3239 453 3297; x_wconf 87' lang='lat' dir='ltr'><strong>eudeces</strong></span> <span class='ocrx_word' id='word_1_173' title='bbox 467 3240 571 3298; x_wconf 85' lang='lat' dir='ltr'><strong>Rutuli</strong></span> <span class='ocrx_word' id='word_1_174' title='bbox 587 3259 595 3309; x_wconf 89' lang='lat'>;</span> <span class='ocrx_word' id='word_1_175' title='bbox 619 3240 672 3298; x_wconf 89' lang='lat' dir='ltr'><strong>sed</strong></span> <span class='ocrx_word' id='word_1_176' title='bbox 687 3242 798 3318; x_wconf 87' lang='lat' dir='ltr'><strong>pellere</strong></span> <span class='ocrx_word' id='word_1_177' title='bbox 813 3242 891 3299; x_wconf 85' lang='lat' dir='ltr'><strong>vello</strong></span> 
     </span>
     <span class='ocr_line' id='line_1_29' title="bbox 175 3330 1157 3394; baseline 0.001 -2"><span class='ocrx_word' id='word_1_178' title='bbox 175 3330 340 3392; x_wconf 74' lang='lat' dir='ltr'><strong>ld&#39;usilibus</strong></span> <span class='ocrx_word' id='word_1_179' title='bbox 353 3342 478 3392; x_wconf 85' lang='lat' dir='ltr'><strong>certent.</strong></span> <span class='ocrx_word' id='word_1_180' title='bbox 1098 3334 1157 3394; x_wconf 75' lang='lat'><strong>⁶20</strong></span> 
     </span>
     <span class='ocr_line' id='line_1_30' title="bbox 175 3424 946 3504; baseline 0 -19"><span class='ocrx_word' id='word_1_181' title='bbox 175 3424 265 3485; x_wconf 84' lang='lat' dir='ltr'><strong>Perte</strong></span> <span class='ocrx_word' id='word_1_182' title='bbox 279 3426 339 3484; x_wconf 71' lang='lat' dir='ltr'><strong>atie</strong></span> <span class='ocrx_word' id='word_1_183' title='bbox 352 3427 515 3485; x_wconf 87' lang='lat' dir='ltr'><strong>horrendus</strong></span> <span class='ocrx_word' id='word_1_184' title='bbox 530 3428 594 3486; x_wconf 89' lang='lat' dir='ltr'><strong>visu</strong></span> <span class='ocrx_word' id='word_1_185' title='bbox 610 3430 771 3504; x_wconf 87' lang='lat' dir='ltr'><strong>quessebet</strong></span> <span class='ocrx_word' id='word_1_186' title='bbox 785 3429 946 3485; x_wconf 78' lang='lat' dir='ltr'><strong>Etruscum</strong></span> 
     </span>
     <span class='ocr_line' id='line_1_31' title="bbox 175 3520 895 3599; baseline 0.001 -20"><span class='ocrx_word' id='word_1_187' title='bbox 175 3520 292 3593; x_wconf 88' lang='lat' dir='ltr'><strong>Pinum,</strong></span> <span class='ocrx_word' id='word_1_188' title='bbox 308 3531 337 3581; x_wconf 90' lang='lat' dir='ltr'><strong>et</strong></span> <span class='ocrx_word' id='word_1_189' title='bbox 351 3523 502 3580; x_wconf 80' lang='lat' dir='ltr'><strong>fumiferos</strong></span> <span class='ocrx_word' id='word_1_190' title='bbox 516 3522 603 3582; x_wconf 83' lang='lat' dir='ltr'><strong>insert</strong></span> <span class='ocrx_word' id='word_1_191' title='bbox 616 3522 785 3580; x_wconf 80' lang='lat' dir='ltr'><strong>Mezentius</strong></span> <span class='ocrx_word' id='word_1_192' title='bbox 800 3522 895 3599; x_wconf 83' lang='lat' dir='ltr'><strong>ignes.</strong></span> 
     </span>
     <span class='ocr_line' id='line_1_32' title="bbox 175 3612 962 3692; baseline -0.001 -19"><span class='ocrx_word' id='word_1_193' title='bbox 175 3615 215 3673; x_wconf 82' lang='lat' dir='ltr'><strong>At</strong></span> <span class='ocrx_word' id='word_1_194' title='bbox 228 3614 397 3692; x_wconf 79' lang='lat' dir='ltr'><strong>Messapus,</strong></span> <span class='ocrx_word' id='word_1_195' title='bbox 414 3612 524 3690; x_wconf 75' lang='lat' dir='ltr'><strong>equium</strong></span> <span class='ocrx_word' id='word_1_196' title='bbox 538 3614 672 3685; x_wconf 89' lang='lat' dir='ltr'><strong>domitor,</strong></span> <span class='ocrx_word' id='word_1_197' title='bbox 688 3614 839 3691; x_wconf 79' lang='lat' dir='ltr'><strong>Neptunia</strong></span> <span class='ocrx_word' id='word_1_198' title='bbox 853 3615 962 3691; x_wconf 88' lang='lat' dir='ltr'><strong>proles,</strong></span> 
     </span>
     <span class='ocr_line' id='line_1_33' title="bbox 175 3705 906 3784; baseline 0 -19"><span class='ocrx_word' id='word_1_199' title='bbox 175 3705 331 3765; x_wconf 85' lang='lat' dir='ltr'><strong>Rescindit</strong></span> <span class='ocrx_word' id='word_1_200' title='bbox 344 3708 463 3778; x_wconf 81' lang='lat' dir='ltr'><strong>vellum,</strong></span> <span class='ocrx_word' id='word_1_201' title='bbox 480 3717 509 3765; x_wconf 92' lang='lat' dir='ltr'><strong>et</strong></span> <span class='ocrx_word' id='word_1_202' title='bbox 523 3708 620 3764; x_wconf 77' lang='lat' dir='ltr'><strong>scales</strong></span> <span class='ocrx_word' id='word_1_203' title='bbox 635 3707 664 3765; x_wconf 89' lang='lat' dir='ltr'><strong>in</strong></span> <span class='ocrx_word' id='word_1_204' title='bbox 679 3706 789 3765; x_wconf 86' lang='lat' dir='ltr'><strong>mmnie</strong></span> <span class='ocrx_word' id='word_1_205' title='bbox 803 3708 906 3784; x_wconf 88' lang='lat' dir='ltr'><strong>poscit.</strong></span> 
     </span>
     <span class='ocr_line' id='line_1_34' title="bbox 213 3798 1155 3877; baseline 0.005 -20"><span class='ocrx_word' id='word_1_206' title='bbox 213 3798 287 3870; x_wconf 88' lang='lat' dir='ltr'><strong>Vos,</strong></span> <span class='ocrx_word' id='word_1_207' title='bbox 304 3821 321 3858; x_wconf 94' lang='lat' dir='ltr'><strong>o</strong></span> <span class='ocrx_word' id='word_1_208' title='bbox 336 3801 481 3877; x_wconf 80' lang='lat' dir='ltr'><strong>Calliope,</strong></span> <span class='ocrx_word' id='word_1_209' title='bbox 498 3819 613 3877; x_wconf 90' lang='lat' dir='ltr'><strong>precor,</strong></span> <span class='ocrx_word' id='word_1_210' title='bbox 630 3799 778 3877; x_wconf 78' lang='lat' dir='ltr'><strong>adspirate</strong></span> <span class='ocrx_word' id='word_1_211' title='bbox 793 3802 913 3860; x_wconf 82' lang='lat' dir='ltr'><strong>canenti</strong></span> <span class='ocrx_word' id='word_1_212' title='bbox 929 3820 937 3871; x_wconf 90' lang='lat'><strong>;</strong></span> <span class='ocrx_word' id='word_1_213' title='bbox 1096 3803 1155 3862; x_wconf 71' lang='lat'><strong>625</strong></span> 
     </span>
     <span class='ocr_line' id='line_1_35' title="bbox 175 3891 970 3971; baseline 0.004 -20"><span class='ocrx_word' id='word_1_214' title='bbox 175 3891 262 3960; x_wconf 79' lang='lat' dir='ltr'><strong>Ques</strong></span> <span class='ocrx_word' id='word_1_215' title='bbox 276 3893 315 3950; x_wconf 88' lang='lat' dir='ltr'><strong>ibi</strong></span> <span class='ocrx_word' id='word_1_216' title='bbox 329 3902 400 3952; x_wconf 89' lang='lat' dir='ltr'><strong>tunc</strong></span> <span class='ocrx_word' id='word_1_217' title='bbox 414 3893 492 3951; x_wconf 87' lang='lat' dir='ltr'><strong>serro</strong></span> <span class='ocrx_word' id='word_1_218' title='bbox 506 3903 633 3971; x_wconf 78' lang='lat' dir='ltr'><strong>strages,</strong></span> <span class='ocrx_word' id='word_1_219' title='bbox 650 3913 716 3969; x_wconf 80' lang='lat' dir='ltr'><strong>quae</strong></span> <span class='ocrx_word' id='word_1_220' title='bbox 731 3894 835 3951; x_wconf 85' lang='lat' dir='ltr'><strong>funere</strong></span> <span class='ocrx_word' id='word_1_221' title='bbox 849 3895 970 3954; x_wconf 84' lang='lat' dir='ltr'><strong>Tomos</strong></span> 
     </span>
     <span class='ocr_line' id='line_1_36' title="bbox 174 3984 958 4063; baseline 0.004 -19"><span class='ocrx_word' id='word_1_222' title='bbox 174 3984 320 4056; x_wconf 80' lang='lat' dir='ltr'><strong>Ediderit,</strong></span> <span class='ocrx_word' id='word_1_223' title='bbox 338 4005 424 4062; x_wconf 87' lang='lat' dir='ltr'><strong>quem</strong></span> <span class='ocrx_word' id='word_1_224' title='bbox 440 3987 564 4063; x_wconf 89' lang='lat' dir='ltr'><strong>quisque</strong></span> <span class='ocrx_word' id='word_1_225' title='bbox 580 3987 674 4046; x_wconf 88' lang='lat' dir='ltr'><strong>virum</strong></span> <span class='ocrx_word' id='word_1_226' title='bbox 688 3986 838 4045; x_wconf 88' lang='lat' dir='ltr'><strong>demiserit</strong></span> <span class='ocrx_word' id='word_1_227' title='bbox 851 3988 932 4047; x_wconf 86' lang='lat' dir='ltr'><strong>Orco</strong></span> <span class='ocrx_word' id='word_1_228' title='bbox 950 4008 958 4058; x_wconf 87' lang='lat'>;</span> 
     </span>
     <span class='ocr_line' id='line_1_37' title="bbox 174 4076 827 4156; baseline 0.002 -20"><span class='ocrx_word' id='word_1_229' title='bbox 174 4076 215 4136; x_wconf 78' lang='lat' dir='ltr'><strong>Et</strong></span> <span class='ocrx_word' id='word_1_230' title='bbox 228 4097 344 4136; x_wconf 91' lang='lat' dir='ltr'><strong>mecum</strong></span> <span class='ocrx_word' id='word_1_231' title='bbox 359 4080 495 4156; x_wconf 78' lang='lat' dir='ltr'><strong>ingentes</strong></span> <span class='ocrx_word' id='word_1_232' title='bbox 511 4097 580 4136; x_wconf 85' lang='lat' dir='ltr'><strong>ores</strong></span> <span class='ocrx_word' id='word_1_233' title='bbox 594 4080 721 4137; x_wconf 90' lang='lat' dir='ltr'><strong>evolvite</strong></span> <span class='ocrx_word' id='word_1_234' title='bbox 736 4080 805 4137; x_wconf 90' lang='lat' dir='ltr'><strong>belli</strong></span> <span class='ocrx_word' id='word_1_235' title='bbox 820 4099 827 4136; x_wconf 91' lang='lat'>:</span> 
     </span>
     <span class='ocr_line' id='line_1_38' title="bbox 177 4167 1149 4261; baseline 0.005 -33"><span class='ocrx_word' id='word_1_236' title='bbox 177 4167 231 4248; x_wconf 74' lang='lat' dir='ltr'><strong>[Et</strong></span> <span class='ocrx_word' id='word_1_237' title='bbox 244 4172 416 4229; x_wconf 89' lang='lat' dir='ltr'><strong>meministis</strong></span> <span class='ocrx_word' id='word_1_238' title='bbox 430 4173 517 4241; x_wconf 90' lang='lat' dir='ltr'><strong>enim,</strong></span> <span class='ocrx_word' id='word_1_239' title='bbox 534 4172 620 4242; x_wconf 77' lang='lat' dir='ltr'><strong>divre,</strong></span> <span class='ocrx_word' id='word_1_240' title='bbox 636 4181 665 4229; x_wconf 92' lang='lat' dir='ltr'><strong>et</strong></span> <span class='ocrx_word' id='word_1_241' title='bbox 680 4191 844 4230; x_wconf 88' lang='lat' dir='ltr'><strong>memorere</strong></span> <span class='ocrx_word' id='word_1_242' title='bbox 859 4174 1006 4252; x_wconf 72' lang='lat' dir='ltr'><strong>potestis]</strong></span> <span class='ocrx_word' id='word_1_243' title='bbox 1141 4247 1149 4261; x_wconf 46' lang='lat'><strong>·</strong></span> 
     </span>
     <span class='ocr_line' id='line_1_39' title="bbox 212 4262 1155 4343; baseline 0.006 -21"><span class='ocrx_word' id='word_1_244' title='bbox 212 4262 320 4323; x_wconf 90' lang='lat' dir='ltr'><strong>Turris</strong></span> <span class='ocrx_word' id='word_1_245' title='bbox 334 4273 398 4323; x_wconf 86' lang='lat' dir='ltr'><strong>eret</strong></span> <span class='ocrx_word' id='word_1_246' title='bbox 413 4274 496 4323; x_wconf 87' lang='lat' dir='ltr'><strong>vesto</strong></span> <span class='ocrx_word' id='word_1_247' title='bbox 510 4274 651 4341; x_wconf 88' lang='lat' dir='ltr'><strong>suspectu</strong></span> <span class='ocrx_word' id='word_1_248' title='bbox 665 4275 694 4323; x_wconf 96' lang='lat' dir='ltr'><strong>et</strong></span> <span class='ocrx_word' id='word_1_249' title='bbox 708 4267 845 4343; x_wconf 89' lang='lat' dir='ltr'><strong>pontibus</strong></span> <span class='ocrx_word' id='word_1_250' title='bbox 859 4268 937 4339; x_wconf 85' lang='lat' dir='ltr'><strong>eltis,</strong></span> <span class='ocrx_word' id='word_1_251' title='bbox 1096 4268 1155 4328; x_wconf 77' lang='lat'><strong>5³0</strong></span> 
     </span>
     <span class='ocr_line' id='line_1_40' title="bbox 174 4357 939 4435; baseline 0.003 -19"><span class='ocrx_word' id='word_1_252' title='bbox 174 4357 349 4435; x_wconf 88' lang='lat' dir='ltr'><strong>Opportune</strong></span> <span class='ocrx_word' id='word_1_253' title='bbox 362 4359 449 4426; x_wconf 91' lang='lat' dir='ltr'><strong>loco;</strong></span> <span class='ocrx_word' id='word_1_254' title='bbox 473 4359 594 4416; x_wconf 89' lang='lat' dir='ltr'><strong>summis</strong></span> <span class='ocrx_word' id='word_1_255' title='bbox 609 4377 696 4434; x_wconf 88' lang='lat' dir='ltr'><strong>quem</strong></span> <span class='ocrx_word' id='word_1_256' title='bbox 710 4360 821 4417; x_wconf 90' lang='lat' dir='ltr'><strong>viribus</strong></span> <span class='ocrx_word' id='word_1_257' title='bbox 837 4379 939 4418; x_wconf 91' lang='lat' dir='ltr'><strong>omnes</strong></span> 
     </span>
     <span class='ocr_line' id='line_1_41' title="bbox 173 4449 933 4529; baseline 0.005 -21"><span class='ocrx_word' id='word_1_258' title='bbox 173 4449 356 4528; x_wconf 80' lang='lat' dir='ltr'><strong>Expugnare</strong></span> <span class='ocrx_word' id='word_1_259' title='bbox 372 4451 449 4522; x_wconf 85' lang='lat' dir='ltr'><strong>lteli,</strong></span> <span class='ocrx_word' id='word_1_260' title='bbox 466 4451 639 4527; x_wconf 74' lang='lat' dir='ltr'><strong>summique</strong></span> <span class='ocrx_word' id='word_1_261' title='bbox 653 4462 788 4511; x_wconf 89' lang='lat' dir='ltr'><strong>evertere</strong></span> <span class='ocrx_word' id='word_1_262' title='bbox 803 4473 890 4529; x_wconf 91' lang='lat' dir='ltr'><strong>opum</strong></span> <span class='ocrx_word' id='word_1_263' title='bbox 906 4454 933 4512; x_wconf 90' lang='lat' dir='ltr'><strong>vi</strong></span> 
     </span>
     <span class='ocr_line' id='line_1_42' title="bbox 175 4540 877 4616; baseline 0.001 -14"><span class='ocrx_word' id='word_1_264' title='bbox 175 4540 341 4602; x_wconf 81' lang='lat' dir='ltr'><strong>Certabant</strong></span> <span class='ocrx_word' id='word_1_265' title='bbox 354 4563 362 4612; x_wconf 90' lang='lat'>;</span> <span class='ocrx_word' id='word_1_266' title='bbox 386 4543 482 4602; x_wconf 73' lang='lat' dir='ltr'><strong>Troes</strong></span> <span class='ocrx_word' id='word_1_267' title='bbox 496 4546 600 4602; x_wconf 72' lang='lat' dir='ltr'><strong>contre</strong></span> <span class='ocrx_word' id='word_1_268' title='bbox 613 4544 773 4603; x_wconf 84' lang='lat' dir='ltr'><strong>defendere</strong></span> <span class='ocrx_word' id='word_1_269' title='bbox 787 4546 877 4616; x_wconf 83' lang='lat' dir='ltr'><strong>sexis,</strong></span> 
     </span>
    </p>
   </div>
   <div class='ocr_carea' id='block_1_5' title="bbox 0 0 1350 5122">
    <p class='ocr_par' dir='ltr' id='par_1_5' title="bbox 0 0 1350 5122">
     <span class='ocr_line' id='line_1_43' title="bbox 0 0 1350 5122; baseline 0 1"><span class='ocrx_word' id='word_1_270' title='bbox 0 0 1350 5122; x_wconf 95' lang='lat' dir='ltr'><strong> </strong></span> 
     </span>
    </p>
   </div>
  </div>
 </body>
</html>
