2692 5122
223 393 265 455 50
507 386 535 434 P.
556 385 722 433 virtutum
745 386 917 435 uaaoms

224 524 352 586 Discere
367 527 456 604 qulm
470 526 570 586 multae
584 525 724 603 Zephyro
736 527 893 584 turbentur
906 544 1026 595 areum

224 621 296 692 Aut,
313 621 364 678 ubi
378 621 505 699 navigiis
519 620 675 678 violentior
688 617 790 678 incidit
804 621 917 691 Eurus,

224 713 253 773 N
255 712 324 772 dsse
339 723 410 790 quot
425 714 501 772 lonii
515 713 634 771 veniant
649 713 686 770 ad
701 713 800 771 littora
813 713 930 772 fluctus.

263 808 331 866 Nec
345 807 416 866 verb
430 816 519 866 terrm
533 807 611 866 serre
626 826 729 865 omnes
742 808 841 869 omnia
855 815 996 884 possunt:

223 899 411 959 Fluminibus
424 901 544 971 salices,
560 901 732 976 crassisque
747 900 903 978 paludibus
917 898 987 976 alui¹

223 992 408 1064 Nascuntur,
423 994 541 1052 steriles
554 994 669 1052 saxosis
684 994 831 1052 montibus
844 994 910 1050 orni
923 1013 931 1062 ;

223 1082 340 1145 Littera
354 1088 488 1163 myrtetis
501 1086 652 1145 laetissima
666 1106 674 1156 ;
698 1087 825 1162 denique
840 1096 959 1164 apertos

223 1181 365 1241 Bacchus
378 1191 458 1240 amet
477 1184 580 1254 colles,
598 1183 765 1259 aquilonem
780 1190 809 1239 et
824 1182 936 1258 frigora
950 1180 1021 1240 taxi.

222 1276 354 1353 Adspice
369 1284 398 1333 et
412 1276 552 1334 extremis
567 1276 706 1333 domitum
721 1275 885 1333 cultoribus
898 1276 1011 1344 orbem,

221 1368 366 1445 ansque
381 1369 483 1427 domos
496 1370 642 1439 Arabum,
658 1369 813 1446 pictosque
827 1367 971 1426 Gelonos.

222 1461 337 1522 Divisis
351 1463 508 1520 arboribus
523 1463 624 1540 patrias
639 1481 646 1518 τ
669 1462 734 1519 sola
748 1459 833 1519 Indiu
847 1462 964 1538 nigrum

221 1554 296 1613 Fert
310 1557 436 1613 ebenum
451 1575 459 1624 ;
482 1556 553 1613 solis
568 1564 613 1613 est
626 1555 733 1613 thurea
747 1555 831 1632 virga
846 1555 969 1612 Sabaeis.

223 1649 304 1716 Quid
318 1650 371 1708 tibi
385 1649 507 1708 odorato
522 1650 650 1707 referam
663 1649 799 1707 sudantia
812 1649 892 1726 ligno

221 1741 434 1819 Balsamaque,
450 1752 479 1801 et
493 1745 604 1800 baccas
618 1760 737 1819 semper
749 1741 911 1799 frondentis
925 1739 1071 1799 acanthi?

223 1835 304 1904 Quid
318 1855 440 1894 nemora
453 1835 631 1912 AEthiopum
646 1835 724 1892 molli
738 1835 877 1893 canentia
895 1832 990 1892 laud?

221 1927 406 2005 Velleraque
420 1937 451 1986 ut
466 1929 543 1987 soliis
557 1929 716 2005 depectant
728 1928 830 1986 tenuia
844 1927 959 1985 Seres?

223 2023 285 2081 Aut
300 2042 374 2098 quos
388 2041 503 2080 oceano
517 2021 636 2099 propior
649 2021 725 2098 gerit
743 2019 830 2078 India
843 2021 937 2091 lucos,

221 2115 357 2174 Extremi
371 2116 454 2174 sinus
469 2115 550 2173 orbis
563 2134 571 2184 ;
596 2115 646 2173 ubi
660 2118 735 2171 aera
749 2113 869 2171 vincere
883 2132 1030 2173 summum

222 2208 349 2268 Arboris
364 2208 443 2266 haud
457 2209 525 2266 ullm
542 2208 625 2282 jactu
642 2206 764 2284 potubre
779 2207 895 2284 sagittas
912 2207 924 2263 l

221 2301 262 2361 Et
276 2321 351 2378 gens
366 2301 416 2358 illa
429 2300 547 2375 quidem
563 2300 686 2376 sumptis
700 2319 758 2357 non
772 2299 857 2357 tarda
872 2300 1028 2376 pharetris,
1152 2301 1207 2359 125

222 2393 325 2452 Media
338 2394 394 2451 sert
408 2394 509 2451 tristes
522 2412 629 2451 succos
643 2393 820 2469 tardumque
834 2412 972 2471 saporem

222 2485 334 2545 Felicis
348 2486 428 2557 mali,
446 2505 504 2562 quo
518 2505 577 2543 nou
591 2486 767 2562 praeseutius
782 2487 883 2558 ullum,

222 2578 337 2638 Pocula
350 2579 375 2636 si
390 2579 508 2655 quando
521 2598 608 2637 sesvae
623 2578 754 2638 infecere
769 2599 917 2651 novercas,

225 2669 486 2751 [Miscueruntque
500 2671 610 2729 herbas
623 2681 652 2730 et
666 2693 724 2731 non
739 2673 858 2731 innoxia
872 2673 989 2751 verba,]

222 2768 374 2827 Auxilium
388 2768 479 2839 venit,
496 2787 533 2825 ac
547 2768 686 2826 membris
700 2768 761 2846 agit
775 2777 841 2826 atra
854 2788 978 2829 venena.

223 2859 295 2937 Ipsa
309 2861 414 2938 ingens
428 2863 527 2931 arbos,
544 2862 710 2938 faciemque
725 2861 872 2919 simillima
886 2863 971 2921 lauro
986 2882 994 2932 ;

222 2952 274 3023 Et,
292 2954 317 3010 si
334 2974 393 3012 uon
408 2955 497 3013 alium
511 2955 570 3012 late
587 2955 717 3029 jactaret
731 2954 861 3027 odorem,

223 3045 343 3105 Laurus
356 3056 419 3104 erat
436 3067 442 3104 :
464 3049 536 3106 folia
548 3048 627 3106 haud
642 3048 709 3106 ullis
722 3048 854 3106 labentia
867 3049 963 3106 ventis
978 3067 987 3118 ;

222 3139 295 3199 Flos
310 3141 348 3198 ad
362 3141 455 3214 prima
468 3151 558 3200 tenax
573 3160 580 3198 :
604 3141 717 3199 animas
731 3150 760 3199 et
774 3142 885 3200 olentia
898 3141 985 3201 Medi

222 3232 287 3295 Ora
301 3234 400 3292 fovent
414 3235 473 3306 illo,
490 3244 520 3292 et
534 3235 656 3292 senibus
670 3235 855 3294 medicantur
868 3235 992 3294 anhelis.

263 3327 323 3383 Sed
337 3346 435 3401 neque
449 3327 616 3397 Medorum,
633 3327 714 3385 silvae
730 3327 882 3400 ditissima,
898 3338 989 3400 terra,

224 3418 290 3478 Nec
305 3419 429 3496 pulcher
442 3419 577 3497 Ganges,
594 3429 683 3497 atque
698 3438 771 3478 auro
784 3420 920 3479 turbidus
933 3410 1077 3495 Hermus,

222 3510 379 3570 Laudibus
393 3511 489 3570 Italiae
503 3522 615 3572 certent
633 3533 641 3583 3
665 3533 723 3572 uon
736 3514 859 3586 Bactra,
875 3533 973 3591 neque
987 3515 1064 3590 ludi,

223 3605 362 3681 Totaque
376 3606 527 3664 thuriferis
540 3607 696 3666 Panchaia
710 3607 828 3685 pinguis
840 3609 948 3670 arenis.

223 3697 303 3759 Hac
318 3700 385 3757 loca
398 3719 456 3758 uon
469 3701 547 3758 tauri
562 3701 708 3778 spirantes
722 3703 844 3761 naribus
858 3704 958 3782 ignem

225 3790 390 3864 Invertdre,
407 3793 478 3851 satis
493 3794 627 3853 immanis
641 3794 779 3854 dentibus
792 3796 878 3873 hydri
894 3819 901 3868 ;

224 3884 292 3944 Nec
305 3887 401 3964 galeis
414 3887 574 3964 densisque
589 3883 685 3947 virum
705 3908 794 3967 seges
808 3891 921 3949 horruit
935 3891 1050 3952 hastis:

225 3978 285 4038 Sed
298 3980 430 4056 gravidas
444 3981 548 4058 fruges
562 3990 591 4039 et
604 3981 719 4042 Bacchi
733 3982 883 4042 Massicus
897 3984 1004 4046 humor

224 4071 391 4151 Implevdre
408 4093 415 4144 ;
439 4082 540 4133 tenent
555 4075 640 4147 olent,
656 4085 851 4154 armentaque
864 4077 942 4137 laeta.

224 4165 308 4230 Hinc
322 4169 449 4229 bellator
461 4188 556 4247 equus
570 4189 675 4250 campo
688 4190 756 4231 sese
771 4171 882 4233 arduus
896 4171 983 4233 insert
998 4192 1007 4245 ς
