<?xml version="1.0" encoding="UTF-8"?>
<!DOCTYPE html PUBLIC "-//W3C//DTD XHTML 1.0 Transitional//EN"
    "http://www.w3.org/TR/xhtml1/DTD/xhtml1-transitional.dtd">
<html xmlns="http://www.w3.org/1999/xhtml" xml:lang="en" lang="en">
 <head>
  <title>
</title>
<meta http-equiv="Content-Type" content="text/html;charset=utf-8" />
  <meta name='ocr-system' content='tesseract 3.04.00' />
  <meta name='ocr-capabilities' content='ocr_page ocr_carea ocr_par ocr_line ocrx_word'/>
</head>
<body>
  <div class='ocr_page' id='page_1' title='image "./pvirgiliimaroni00bowegoog/pvirgiliimaroni00bowegoog_0162.png"; bbox 0 0 2692 5122; ppageno 0'>
   <div class='ocr_carea' id='block_1_1' title="bbox 793 352 1226 481">
    <p class='ocr_par' dir='ltr' id='par_1_1' title="bbox 793 352 1226 481">
     <span class='ocr_line' id='line_1_1' title="bbox 793 352 807 367; baseline 0 -8"><span class='ocrx_word' id='word_1_1' title='bbox 793 352 807 367; x_wconf 68' lang='grc' dir='ltr'>,ι</span> 
     </span>
     <span class='ocr_line' id='line_1_2' title="bbox 1218 378 1226 392; baseline 0 0"><span class='ocrx_word' id='word_1_2' title='bbox 1218 378 1226 392; x_wconf 91' lang='grc' dir='ltr'><strong><em>Ι</em></strong></span> 
     </span>
     <span class='ocr_line' id='line_1_3' title="bbox 1006 474 1009 481; baseline 0 0"><span class='ocrx_word' id='word_1_3' title='bbox 1006 474 1009 481; x_wconf 76' lang='grc' dir='ltr'>ι</span> 
     </span>
    </p>
   </div>
   <div class='ocr_carea' id='block_1_2' title="bbox 514 705 841 756">
    <p class='ocr_par' dir='ltr' id='par_1_2' title="bbox 514 705 841 756">
     <span class='ocr_line' id='line_1_4' title="bbox 514 705 841 756; baseline 0.009 -4"><span class='ocrx_word' id='word_1_4' title='bbox 514 705 690 755; x_wconf 58' lang='lat' dir='ltr'>&amp;Nereos</span> <span class='ocrx_word' id='word_1_5' title='bbox 711 709 780 756; x_wconf 84' lang='lat' dir='ltr'>LIB.</span> <span class='ocrx_word' id='word_1_6' title='bbox 796 708 841 755; x_wconf 86' lang='lat' dir='ltr'>1v.</span> 
     </span>
    </p>
   </div>
   <div class='ocr_carea' id='block_1_3' title="bbox 180 844 1171 2502">
    <p class='ocr_par' dir='ltr' id='par_1_3' title="bbox 180 844 1171 2502">
     <span class='ocr_line' id='line_1_5' title="bbox 188 844 922 925; baseline 0 -20"><span class='ocrx_word' id='word_1_7' title='bbox 188 844 349 905; x_wconf 83' lang='lat' dir='ltr'>Miscerive</span> <span class='ocrx_word' id='word_1_8' title='bbox 364 846 467 922; x_wconf 89' lang='lat' dir='ltr'>probet</span> <span class='ocrx_word' id='word_1_9' title='bbox 480 845 614 922; x_wconf 89' lang='lat' dir='ltr'>populos,</span> <span class='ocrx_word' id='word_1_10' title='bbox 631 856 681 904; x_wconf 85' lang='lat' dir='ltr'>aut</span> <span class='ocrx_word' id='word_1_11' title='bbox 696 847 810 905; x_wconf 84' lang='lat' dir='ltr'>loedera</span> <span class='ocrx_word' id='word_1_12' title='bbox 826 846 922 925; x_wconf 87' lang='lat' dir='ltr'>jungi.</span> 
     </span>
     <span class='ocr_line' id='line_1_6' title="bbox 186 938 972 1018; baseline 0.001 -20"><span class='ocrx_word' id='word_1_13' title='bbox 186 939 233 998; x_wconf 89' lang='lat' dir='ltr'>Tu</span> <span class='ocrx_word' id='word_1_14' title='bbox 248 939 358 1015; x_wconf 86' lang='lat' dir='ltr'>conjux</span> <span class='ocrx_word' id='word_1_15' title='bbox 373 957 381 1007; x_wconf 92' lang='lat'>;</span> <span class='ocrx_word' id='word_1_16' title='bbox 404 939 457 996; x_wconf 92' lang='lat' dir='ltr'>tibi</span> <span class='ocrx_word' id='word_1_17' title='bbox 478 938 522 996; x_wconf 88' lang='lat' dir='ltr'>sas</span> <span class='ocrx_word' id='word_1_18' title='bbox 536 939 665 996; x_wconf 84' lang='lat' dir='ltr'>animum</span> <span class='ocrx_word' id='word_1_19' title='bbox 682 951 797 997; x_wconf 85' lang='lat' dir='ltr'>tentare</span> <span class='ocrx_word' id='word_1_20' title='bbox 813 939 972 1018; x_wconf 87' lang='lat' dir='ltr'>precando.</span> 
     </span>
     <span class='ocr_line' id='line_1_7' title="bbox 185 1031 975 1110; baseline 0 -19"><span class='ocrx_word' id='word_1_21' title='bbox 185 1031 283 1109; x_wconf 86' lang='lat' dir='ltr'>Perge</span> <span class='ocrx_word' id='word_1_22' title='bbox 302 1051 310 1100; x_wconf 89' lang='lat'>;</span> <span class='ocrx_word' id='word_1_23' title='bbox 334 1049 452 1106; x_wconf 86' lang='lat' dir='ltr'>sequar.</span> <span class='ocrx_word' id='word_1_24' title='bbox 493 1032 572 1105; x_wconf 84' lang='lat' dir='ltr'>Tum</span> <span class='ocrx_word' id='word_1_25' title='bbox 586 1032 630 1088; x_wconf 90' lang='lat' dir='ltr'>sie</span> <span class='ocrx_word' id='word_1_26' title='bbox 645 1033 761 1108; x_wconf 80' lang='lat' dir='ltr'>excepit</span> <span class='ocrx_word' id='word_1_27' title='bbox 776 1034 859 1110; x_wconf 91' lang='lat' dir='ltr'>regia</span> <span class='ocrx_word' id='word_1_28' title='bbox 871 1033 952 1091; x_wconf 93' lang='lat' dir='ltr'>Juno</span> <span class='ocrx_word' id='word_1_29' title='bbox 968 1051 975 1090; x_wconf 90' lang='lat'>:</span> 
     </span>
     <span class='ocr_line' id='line_1_8' title="bbox 223 1124 1171 1202; baseline 0.003 -20"><span class='ocrx_word' id='word_1_30' title='bbox 223 1124 346 1182; x_wconf 90' lang='lat' dir='ltr'>Mecum</span> <span class='ocrx_word' id='word_1_31' title='bbox 360 1124 415 1181; x_wconf 88' lang='lat' dir='ltr'>erit</span> <span class='ocrx_word' id='word_1_32' title='bbox 430 1124 485 1181; x_wconf 88' lang='lat' dir='ltr'>iste</span> <span class='ocrx_word' id='word_1_33' title='bbox 500 1124 602 1181; x_wconf 91' lang='lat' dir='ltr'>labor:</span> <span class='ocrx_word' id='word_1_34' title='bbox 620 1144 697 1181; x_wconf 90' lang='lat' dir='ltr'>nunc</span> <span class='ocrx_word' id='word_1_35' title='bbox 711 1124 770 1201; x_wconf 72' lang='lat' dir='ltr'>quii</span> <span class='ocrx_word' id='word_1_36' title='bbox 782 1127 895 1183; x_wconf 88' lang='lat' dir='ltr'>ratione</span> <span class='ocrx_word' id='word_1_37' title='bbox 908 1126 986 1202; x_wconf 91' lang='lat' dir='ltr'>quod</span> <span class='ocrx_word' id='word_1_38' title='bbox 1000 1125 1091 1185; x_wconf 83' lang='lat' dir='ltr'>instat</span> <span class='ocrx_word' id='word_1_39' title='bbox 1116 1129 1171 1186; x_wconf 81' lang='lat'>115</span> 
     </span>
     <span class='ocr_line' id='line_1_9' title="bbox 185 1217 859 1294; baseline -0.001 -18"><span class='ocrx_word' id='word_1_40' title='bbox 185 1217 318 1277; x_wconf 84' lang='lat' dir='ltr'>Confieri</span> <span class='ocrx_word' id='word_1_41' title='bbox 338 1217 439 1294; x_wconf 81' lang='lat' dir='ltr'><strong>possit,</strong></span> <span class='ocrx_word' id='word_1_42' title='bbox 456 1217 570 1293; x_wconf 85' lang='lat' dir='ltr'>paucis,</span> <span class='ocrx_word' id='word_1_43' title='bbox 588 1217 719 1287; x_wconf 87' lang='lat' dir='ltr'>adverte,</span> <span class='ocrx_word' id='word_1_44' title='bbox 735 1217 859 1276; x_wconf 84' lang='lat' dir='ltr'>docebo.</span> 
     </span>
     <span class='ocr_line' id='line_1_10' title="bbox 183 1308 875 1385; baseline 0.001 -19"><span class='ocrx_word' id='word_1_45' title='bbox 183 1310 335 1368; x_wconf 86' lang='lat' dir='ltr'>Venatum</span> <span class='ocrx_word' id='word_1_46' title='bbox 348 1310 469 1367; x_wconf 83' lang='lat' dir='ltr'>AEness</span> <span class='ocrx_word' id='word_1_47' title='bbox 483 1308 602 1385; x_wconf 68' lang='lat' dir='ltr'>unaque</span> <span class='ocrx_word' id='word_1_48' title='bbox 616 1310 782 1368; x_wconf 87' lang='lat' dir='ltr'>miserrima</span> <span class='ocrx_word' id='word_1_49' title='bbox 795 1310 875 1368; x_wconf 93' lang='lat' dir='ltr'>Dido</span> 
     </span>
     <span class='ocr_line' id='line_1_11' title="bbox 182 1402 980 1480; baseline 0.001 -19"><span class='ocrx_word' id='word_1_50' title='bbox 182 1403 218 1461; x_wconf 92' lang='lat' dir='ltr'>In</span> <span class='ocrx_word' id='word_1_51' title='bbox 232 1422 337 1460; x_wconf 89' lang='lat' dir='ltr'>nemus</span> <span class='ocrx_word' id='word_1_52' title='bbox 352 1402 394 1459; x_wconf 91' lang='lat' dir='ltr'>ire</span> <span class='ocrx_word' id='word_1_53' title='bbox 410 1410 525 1478; x_wconf 87' lang='lat' dir='ltr'>parant,</span> <span class='ocrx_word' id='word_1_54' title='bbox 543 1403 592 1460; x_wconf 94' lang='lat' dir='ltr'>ubi</span> <span class='ocrx_word' id='word_1_55' title='bbox 612 1403 720 1480; x_wconf 89' lang='lat' dir='ltr'>primos</span> <span class='ocrx_word' id='word_1_56' title='bbox 734 1404 883 1462; x_wconf 89' lang='lat' dir='ltr'>crastinus</span> <span class='ocrx_word' id='word_1_57' title='bbox 897 1412 980 1462; x_wconf 90' lang='lat' dir='ltr'>ortus</span> 
     </span>
     <span class='ocr_line' id='line_1_12' title="bbox 181 1494 895 1570; baseline 0.003 -17"><span class='ocrx_word' id='word_1_58' title='bbox 181 1495 330 1555; x_wconf 82' lang='lat' dir='ltr'>Extulerit</span> <span class='ocrx_word' id='word_1_59' title='bbox 344 1495 445 1561; x_wconf 89' lang='lat' dir='ltr'>Titan,</span> <span class='ocrx_word' id='word_1_60' title='bbox 461 1494 611 1570; x_wconf 87' lang='lat' dir='ltr'>radiisque</span> <span class='ocrx_word' id='word_1_61' title='bbox 626 1496 769 1552; x_wconf 83' lang='lat' dir='ltr'>retexerit</span> <span class='ocrx_word' id='word_1_62' title='bbox 785 1497 895 1555; x_wconf 88' lang='lat' dir='ltr'>orbem.</span> 
     </span>
     <span class='ocr_line' id='line_1_13' title="bbox 182 1586 989 1665; baseline 0 -19"><span class='ocrx_word' id='word_1_63' title='bbox 182 1587 243 1646; x_wconf 89' lang='lat' dir='ltr'>His</span> <span class='ocrx_word' id='word_1_64' title='bbox 257 1608 315 1665; x_wconf 90' lang='lat' dir='ltr'>ego</span> <span class='ocrx_word' id='word_1_65' title='bbox 329 1586 497 1665; x_wconf 82' lang='lat' dir='ltr'>nigrantem</span> <span class='ocrx_word' id='word_1_66' title='bbox 512 1586 670 1645; x_wconf 66' lang='lat' dir='ltr'>commixti</span> <span class='ocrx_word' id='word_1_67' title='bbox 688 1588 834 1665; x_wconf 80' lang='lat' dir='ltr'>grandine</span> <span class='ocrx_word' id='word_1_68' title='bbox 849 1589 989 1662; x_wconf 86' lang='lat' dir='ltr'>nimbum,</span> 
     </span>
     <span class='ocr_line' id='line_1_14' title="bbox 181 1680 980 1758; baseline -0.001 -19"><span class='ocrx_word' id='word_1_69' title='bbox 181 1680 264 1739; x_wconf 90' lang='lat' dir='ltr'>Dum</span> <span class='ocrx_word' id='word_1_70' title='bbox 277 1680 424 1758; x_wconf 85' lang='lat' dir='ltr'>trepidant</span> <span class='ocrx_word' id='word_1_71' title='bbox 440 1680 506 1749; x_wconf 84' lang='lat' dir='ltr'>alae,</span> <span class='ocrx_word' id='word_1_72' title='bbox 524 1680 676 1756; x_wconf 88' lang='lat' dir='ltr'>saltusque</span> <span class='ocrx_word' id='word_1_73' title='bbox 692 1681 830 1758; x_wconf 83' lang='lat' dir='ltr'>indagine</span> <span class='ocrx_word' id='word_1_74' title='bbox 847 1681 980 1758; x_wconf 89' lang='lat' dir='ltr'>cingunt,</span> 
     </span>
     <span class='ocr_line' id='line_1_15' title="bbox 180 1771 1008 1850; baseline 0 -19"><span class='ocrx_word' id='word_1_75' title='bbox 180 1772 322 1850; x_wconf 83' lang='lat' dir='ltr'>Desuper</span> <span class='ocrx_word' id='word_1_76' title='bbox 337 1771 497 1842; x_wconf 81' lang='lat' dir='ltr'>infundam,</span> <span class='ocrx_word' id='word_1_77' title='bbox 514 1781 542 1829; x_wconf 91' lang='lat' dir='ltr'>et</span> <span class='ocrx_word' id='word_1_78' title='bbox 564 1774 674 1830; x_wconf 83' lang='lat' dir='ltr'>tonitru</span> <span class='ocrx_word' id='word_1_79' title='bbox 690 1775 797 1831; x_wconf 88' lang='lat' dir='ltr'>coelum</span> <span class='ocrx_word' id='word_1_80' title='bbox 812 1793 897 1831; x_wconf 91' lang='lat' dir='ltr'>omne</span> <span class='ocrx_word' id='word_1_81' title='bbox 913 1773 1008 1832; x_wconf 91' lang='lat' dir='ltr'>ciebo.</span> 
     </span>
     <span class='ocr_line' id='line_1_16' title="bbox 181 1864 930 1943; baseline -0.003 -19"><span class='ocrx_word' id='word_1_82' title='bbox 181 1864 346 1942; x_wconf 85' lang='lat' dir='ltr'>Diffugient</span> <span class='ocrx_word' id='word_1_83' title='bbox 361 1865 495 1935; x_wconf 84' lang='lat' dir='ltr'>comites,</span> <span class='ocrx_word' id='word_1_84' title='bbox 511 1873 540 1921; x_wconf 93' lang='lat' dir='ltr'>et</span> <span class='ocrx_word' id='word_1_85' title='bbox 555 1874 641 1922; x_wconf 91' lang='lat' dir='ltr'>nocte</span> <span class='ocrx_word' id='word_1_86' title='bbox 657 1874 795 1943; x_wconf 90' lang='lat' dir='ltr'>tegentur</span> <span class='ocrx_word' id='word_1_87' title='bbox 808 1864 906 1942; x_wconf 64' lang='lat' dir='ltr'>opaci</span> <span class='ocrx_word' id='word_1_88' title='bbox 923 1884 930 1922; x_wconf 92' lang='lat'>:</span> 
     </span>
     <span class='ocr_line' id='line_1_17' title="bbox 182 1957 891 2036; baseline -0.003 -20"><span class='ocrx_word' id='word_1_89' title='bbox 182 1959 360 2036; x_wconf 83' lang='lat' dir='ltr'>Speluncam</span> <span class='ocrx_word' id='word_1_90' title='bbox 377 1957 456 2014; x_wconf 92' lang='lat' dir='ltr'>Dido</span> <span class='ocrx_word' id='word_1_91' title='bbox 470 1957 530 2014; x_wconf 85' lang='lat' dir='ltr'>dux</span> <span class='ocrx_word' id='word_1_92' title='bbox 543 1967 571 2015; x_wconf 89' lang='lat' dir='ltr'>et</span> <span class='ocrx_word' id='word_1_93' title='bbox 592 1958 742 2034; x_wconf 88' lang='lat' dir='ltr'>Trojanus</span> <span class='ocrx_word' id='word_1_94' title='bbox 757 1959 891 2015; x_wconf 88' lang='lat' dir='ltr'>eamdem</span> 
     </span>
     <span class='ocr_line' id='line_1_18' title="bbox 180 2050 1167 2121; baseline -0.001 -11"><span class='ocrx_word' id='word_1_95' title='bbox 180 2051 360 2110; x_wconf 86' lang='lat' dir='ltr'>Devenient.</span> <span class='ocrx_word' id='word_1_96' title='bbox 402 2050 515 2121; x_wconf 90' lang='lat' dir='ltr'>Adero,</span> <span class='ocrx_word' id='word_1_97' title='bbox 532 2059 572 2121; x_wconf 91' lang='lat' dir='ltr'>et,</span> <span class='ocrx_word' id='word_1_98' title='bbox 588 2059 640 2108; x_wconf 86' lang='lat' dir='ltr'>tua</span> <span class='ocrx_word' id='word_1_99' title='bbox 654 2053 679 2108; x_wconf 90' lang='lat' dir='ltr'>si</span> <span class='ocrx_word' id='word_1_100' title='bbox 694 2051 763 2109; x_wconf 91' lang='lat' dir='ltr'>mihi</span> <span class='ocrx_word' id='word_1_101' title='bbox 777 2059 860 2108; x_wconf 86' lang='lat' dir='ltr'>certa</span> <span class='ocrx_word' id='word_1_102' title='bbox 874 2050 1022 2121; x_wconf 84' lang='lat' dir='ltr'>voluntas,</span> <span class='ocrx_word' id='word_1_103' title='bbox 1112 2052 1167 2109; x_wconf 70' lang='lat'>195</span> 
     </span>
     <span class='ocr_line' id='line_1_19' title="bbox 180 2143 966 2221; baseline 0 -17"><span class='ocrx_word' id='word_1_104' title='bbox 180 2143 339 2204; x_wconf 88' lang='lat' dir='ltr'>Connubio</span> <span class='ocrx_word' id='word_1_105' title='bbox 356 2143 479 2221; x_wconf 87' lang='lat' dir='ltr'>jungam</span> <span class='ocrx_word' id='word_1_106' title='bbox 498 2144 607 2215; x_wconf 86' lang='lat' dir='ltr'>stabili,</span> <span class='ocrx_word' id='word_1_107' title='bbox 625 2145 831 2221; x_wconf 88' lang='lat' dir='ltr'>propriamque</span> <span class='ocrx_word' id='word_1_108' title='bbox 849 2143 966 2204; x_wconf 82' lang='lat' dir='ltr'>dicabo.</span> 
     </span>
     <span class='ocr_line' id='line_1_20' title="bbox 180 2237 931 2315; baseline 0 -18"><span class='ocrx_word' id='word_1_109' title='bbox 180 2237 243 2297; x_wconf 86' lang='lat' dir='ltr'>Hic</span> <span class='ocrx_word' id='word_1_110' title='bbox 256 2237 442 2314; x_wconf 71' lang='lat' dir='ltr'>Hymenaeus</span> <span class='ocrx_word' id='word_1_111' title='bbox 456 2239 521 2296; x_wconf 90' lang='lat' dir='ltr'>erit.</span> <span class='ocrx_word' id='word_1_112' title='bbox 564 2239 592 2296; x_wconf 93' lang='lat' dir='ltr'>N</span> <span class='ocrx_word' id='word_1_113' title='bbox 595 2258 632 2295; x_wconf 92' lang='lat' dir='ltr'>on</span> <span class='ocrx_word' id='word_1_114' title='bbox 648 2239 806 2296; x_wconf 79' lang='lat' dir='ltr'>adversata</span> <span class='ocrx_word' id='word_1_115' title='bbox 820 2241 931 2315; x_wconf 89' lang='lat' dir='ltr'>petenti</span> 
     </span>
     <span class='ocr_line' id='line_1_21' title="bbox 180 2331 896 2409; baseline -0.001 -19"><span class='ocrx_word' id='word_1_116' title='bbox 180 2332 303 2403; x_wconf 81' lang='lat' dir='ltr'>Annuit,</span> <span class='ocrx_word' id='word_1_117' title='bbox 319 2340 410 2409; x_wconf 87' lang='lat' dir='ltr'>atque</span> <span class='ocrx_word' id='word_1_118' title='bbox 424 2332 500 2389; x_wconf 87' lang='lat' dir='ltr'>dolis</span> <span class='ocrx_word' id='word_1_119' title='bbox 514 2332 577 2389; x_wconf 88' lang='lat' dir='ltr'>risit</span> <span class='ocrx_word' id='word_1_120' title='bbox 593 2331 746 2407; x_wconf 90' lang='lat' dir='ltr'>Cytherea</span> <span class='ocrx_word' id='word_1_121' title='bbox 761 2335 896 2407; x_wconf 82' lang='lat' dir='ltr'>repertis.</span> 
     </span>
     <span class='ocr_line' id='line_1_22' title="bbox 218 2423 946 2502; baseline -0.003 -19"><span class='ocrx_word' id='word_1_122' title='bbox 218 2425 374 2483; x_wconf 90' lang='lat' dir='ltr'>Oceanum</span> <span class='ocrx_word' id='word_1_123' title='bbox 391 2424 506 2482; x_wconf 87' lang='lat' dir='ltr'>interea</span> <span class='ocrx_word' id='word_1_124' title='bbox 521 2443 648 2502; x_wconf 84' lang='lat' dir='ltr'>surgens</span> <span class='ocrx_word' id='word_1_125' title='bbox 662 2426 782 2480; x_wconf 90' lang='lat' dir='ltr'>Aurora</span> <span class='ocrx_word' id='word_1_126' title='bbox 797 2423 946 2499; x_wconf 88' lang='lat' dir='ltr'>relinquit.</span> 
     </span>
    </p>
   </div>
   <div class='ocr_carea' id='block_1_4' title="bbox 180 2516 895 2596">
    <p class='ocr_par' dir='ltr' id='par_1_4' title="bbox 180 2516 895 2596">
     <span class='ocr_line' id='line_1_23' title="bbox 180 2516 895 2596; baseline -0.007 -20"><span class='ocrx_word' id='word_1_127' title='bbox 180 2517 207 2576; x_wconf 91' lang='lat' dir='ltr'>lt</span> <span class='ocrx_word' id='word_1_128' title='bbox 222 2519 324 2596; x_wconf 92' lang='lat' dir='ltr'>portis,</span> <span class='ocrx_word' id='word_1_129' title='bbox 342 2518 451 2593; x_wconf 88' lang='lat' dir='ltr'>jubare</span> <span class='ocrx_word' id='word_1_130' title='bbox 468 2525 582 2587; x_wconf 84' lang='lat' dir='ltr'>exorto,</span> <span class='ocrx_word' id='word_1_131' title='bbox 600 2516 715 2573; x_wconf 87' lang='lat' dir='ltr'>delecta</span> <span class='ocrx_word' id='word_1_132' title='bbox 732 2516 895 2591; x_wconf 82' lang='lat' dir='ltr'>juventus:</span> 
     </span>
    </p>
   </div>
   <div class='ocr_carea' id='block_1_5' title="bbox 177 2609 1164 4548">
    <p class='ocr_par' dir='ltr' id='par_1_5' title="bbox 177 2609 1164 4548">
     <span class='ocr_line' id='line_1_24' title="bbox 179 2609 836 2688; baseline -0.008 -19"><span class='ocrx_word' id='word_1_133' title='bbox 179 2610 270 2669; x_wconf 87' lang='lat' dir='ltr'>Retia</span> <span class='ocrx_word' id='word_1_134' title='bbox 284 2631 364 2681; x_wconf 89' lang='lat' dir='ltr'>rara,</span> <span class='ocrx_word' id='word_1_135' title='bbox 382 2611 489 2688; x_wconf 80' lang='lat' dir='ltr'>plagae,</span> <span class='ocrx_word' id='word_1_136' title='bbox 506 2610 567 2667; x_wconf 89' lang='lat' dir='ltr'>lato</span> <span class='ocrx_word' id='word_1_137' title='bbox 582 2610 729 2666; x_wconf 85' lang='lat' dir='ltr'>venabula</span> <span class='ocrx_word' id='word_1_138' title='bbox 746 2609 836 2678; x_wconf 88' lang='lat' dir='ltr'>serro,</span> 
     </span>
     <span class='ocr_line' id='line_1_25' title="bbox 179 2702 953 2780; baseline -0.001 -18"><span class='ocrx_word' id='word_1_139' title='bbox 179 2703 364 2780; x_wconf 82' lang='lat' dir='ltr'>Massylique</span> <span class='ocrx_word' id='word_1_140' title='bbox 380 2714 469 2762; x_wconf 91' lang='lat' dir='ltr'>ruunt</span> <span class='ocrx_word' id='word_1_141' title='bbox 484 2703 610 2779; x_wconf 88' lang='lat' dir='ltr'>equites,</span> <span class='ocrx_word' id='word_1_142' title='bbox 628 2711 657 2759; x_wconf 89' lang='lat' dir='ltr'>et</span> <span class='ocrx_word' id='word_1_143' title='bbox 671 2703 763 2760; x_wconf 87' lang='lat' dir='ltr'>odora</span> <span class='ocrx_word' id='word_1_144' title='bbox 778 2721 886 2759; x_wconf 90' lang='lat' dir='ltr'>canum</span> <span class='ocrx_word' id='word_1_145' title='bbox 900 2702 953 2761; x_wconf 83' lang='lat' dir='ltr'>vis.</span> 
     </span>
     <span class='ocr_line' id='line_1_26' title="bbox 179 2796 941 2875; baseline -0.001 -20"><span class='ocrx_word' id='word_1_146' title='bbox 179 2797 329 2875; x_wconf 87' lang='lat' dir='ltr'>Reginam</span> <span class='ocrx_word' id='word_1_147' title='bbox 342 2797 471 2855; x_wconf 90' lang='lat' dir='ltr'>thalamo</span> <span class='ocrx_word' id='word_1_148' title='bbox 486 2805 675 2854; x_wconf 88' lang='lat' dir='ltr'>cunctantem</span> <span class='ocrx_word' id='word_1_149' title='bbox 691 2796 727 2852; x_wconf 89' lang='lat' dir='ltr'>ad</span> <span class='ocrx_word' id='word_1_150' title='bbox 743 2796 843 2853; x_wconf 91' lang='lat' dir='ltr'>limina</span> <span class='ocrx_word' id='word_1_151' title='bbox 858 2796 941 2873; x_wconf 91' lang='lat' dir='ltr'>primi</span> 
     </span>
     <span class='ocr_line' id='line_1_27' title="bbox 178 2888 987 2966; baseline -0.001 -18"><span class='ocrx_word' id='word_1_152' title='bbox 178 2889 339 2948; x_wconf 87' lang='lat' dir='ltr'>Poeuorum</span> <span class='ocrx_word' id='word_1_153' title='bbox 355 2898 548 2966; x_wconf 87' lang='lat' dir='ltr'>exspectant;</span> <span class='ocrx_word' id='word_1_154' title='bbox 572 2897 710 2964; x_wconf 92' lang='lat' dir='ltr'>ostroque</span> <span class='ocrx_word' id='word_1_155' title='bbox 726 2888 851 2965; x_wconf 87' lang='lat' dir='ltr'>insignis</span> <span class='ocrx_word' id='word_1_156' title='bbox 865 2897 894 2946; x_wconf 91' lang='lat' dir='ltr'>et</span> <span class='ocrx_word' id='word_1_157' title='bbox 913 2907 987 2947; x_wconf 85' lang='lat' dir='ltr'>auro</span> 
     </span>
     <span class='ocr_line' id='line_1_28' title="bbox 179 2983 958 3060; baseline 0.001 -19"><span class='ocrx_word' id='word_1_158' title='bbox 179 2984 243 3041; x_wconf 87' lang='lat' dir='ltr'>Stat</span> <span class='ocrx_word' id='word_1_159' title='bbox 258 2983 389 3060; x_wconf 88' lang='lat' dir='ltr'>sonipes,</span> <span class='ocrx_word' id='word_1_160' title='bbox 405 3002 440 3039; x_wconf 84' lang='lat' dir='ltr'>ae</span> <span class='ocrx_word' id='word_1_161' title='bbox 454 2983 547 3040; x_wconf 82' lang='lat' dir='ltr'>fraena</span> <span class='ocrx_word' id='word_1_162' title='bbox 561 2983 643 3039; x_wconf 79' lang='lat' dir='ltr'>ferox</span> <span class='ocrx_word' id='word_1_163' title='bbox 658 2984 823 3059; x_wconf 90' lang='lat' dir='ltr'>spumantia</span> <span class='ocrx_word' id='word_1_164' title='bbox 839 2983 958 3042; x_wconf 91' lang='lat' dir='ltr'>mandit.</span> 
     </span>
     <span class='ocr_line' id='line_1_29' title="bbox 177 3073 942 3153; baseline 0.001 -21"><span class='ocrx_word' id='word_1_165' title='bbox 177 3075 314 3133; x_wconf 87' lang='lat' dir='ltr'>Tandem</span> <span class='ocrx_word' id='word_1_166' title='bbox 329 3075 525 3153; x_wconf 86' lang='lat' dir='ltr'>progreditur,</span> <span class='ocrx_word' id='word_1_167' title='bbox 542 3073 652 3152; x_wconf 72' lang='lat' dir='ltr'>magnai</span> <span class='ocrx_word' id='word_1_168' title='bbox 666 3076 793 3152; x_wconf 88' lang='lat' dir='ltr'>stipante</span> <span class='ocrx_word' id='word_1_169' title='bbox 809 3073 942 3146; x_wconf 64' lang='lat' dir='ltr'>catervi,</span> 
     </span>
     <span class='ocr_line' id='line_1_30' title="bbox 179 3167 944 3246; baseline 0 -21"><span class='ocrx_word' id='word_1_170' title='bbox 179 3168 330 3225; x_wconf 89' lang='lat' dir='ltr'>Sidoniam</span> <span class='ocrx_word' id='word_1_171' title='bbox 345 3167 422 3246; x_wconf 92' lang='lat' dir='ltr'>picto</span> <span class='ocrx_word' id='word_1_172' title='bbox 436 3168 621 3244; x_wconf 84' lang='lat' dir='ltr'>chlamydem</span> <span class='ocrx_word' id='word_1_173' title='bbox 637 3168 819 3225; x_wconf 89' lang='lat' dir='ltr'>circumdata</span> <span class='ocrx_word' id='word_1_174' title='bbox 834 3168 922 3226; x_wconf 91' lang='lat' dir='ltr'>limbo</span> <span class='ocrx_word' id='word_1_175' title='bbox 937 3187 944 3237; x_wconf 88' lang='grc'>;</span> 
     </span>
     <span class='ocr_line' id='line_1_31' title="bbox 178 3259 993 3338; baseline -0.001 -19"><span class='ocrx_word' id='word_1_176' title='bbox 178 3259 240 3319; x_wconf 91' lang='lat' dir='ltr'>Cui</span> <span class='ocrx_word' id='word_1_177' title='bbox 256 3261 394 3338; x_wconf 86' lang='lat' dir='ltr'>pharetra</span> <span class='ocrx_word' id='word_1_178' title='bbox 409 3280 445 3317; x_wconf 85' lang='lat' dir='ltr'>ex</span> <span class='ocrx_word' id='word_1_179' title='bbox 460 3280 543 3330; x_wconf 89' lang='lat' dir='ltr'>auro,</span> <span class='ocrx_word' id='word_1_180' title='bbox 560 3261 659 3317; x_wconf 87' lang='lat' dir='ltr'>crines</span> <span class='ocrx_word' id='word_1_181' title='bbox 674 3261 818 3317; x_wconf 88' lang='lat' dir='ltr'>nodantur</span> <span class='ocrx_word' id='word_1_182' title='bbox 833 3260 861 3316; x_wconf 92' lang='lat' dir='ltr'>in</span> <span class='ocrx_word' id='word_1_183' title='bbox 877 3279 993 3332; x_wconf 91' lang='lat' dir='ltr'>aurum,</span> 
     </span>
     <span class='ocr_line' id='line_1_32' title="bbox 177 3353 893 3431; baseline -0.006 -20"><span class='ocrx_word' id='word_1_184' title='bbox 177 3355 282 3411; x_wconf 91' lang='lat' dir='ltr'>Aurea</span> <span class='ocrx_word' id='word_1_185' title='bbox 298 3373 476 3431; x_wconf 88' lang='lat' dir='ltr'>purpuream</span> <span class='ocrx_word' id='word_1_186' title='bbox 490 3353 639 3409; x_wconf 86' lang='lat' dir='ltr'>subnectit</span> <span class='ocrx_word' id='word_1_187' title='bbox 655 3353 745 3409; x_wconf 82' lang='lat' dir='ltr'>fibula</span> <span class='ocrx_word' id='word_1_188' title='bbox 760 3361 893 3423; x_wconf 70' lang='lat' dir='ltr'>vestem.</span> 
     </span>
     <span class='ocr_line' id='line_1_33' title="bbox 177 3442 907 3522; baseline -0.01 -17"><span class='ocrx_word' id='word_1_189' title='bbox 177 3446 318 3505; x_wconf 88' lang='lat' dir='ltr'>Necnon</span> <span class='ocrx_word' id='word_1_190' title='bbox 334 3455 362 3503; x_wconf 89' lang='lat' dir='ltr'>et</span> <span class='ocrx_word' id='word_1_191' title='bbox 377 3446 499 3522; x_wconf 84' lang='lat' dir='ltr'>Phrygii</span> <span class='ocrx_word' id='word_1_192' title='bbox 515 3445 649 3513; x_wconf 88' lang='lat' dir='ltr'>comites,</span> <span class='ocrx_word' id='word_1_193' title='bbox 666 3452 695 3500; x_wconf 90' lang='lat' dir='ltr'>et</span> <span class='ocrx_word' id='word_1_194' title='bbox 713 3444 799 3500; x_wconf 68' lang='lat' dir='ltr'>lectus</span> <span class='ocrx_word' id='word_1_195' title='bbox 815 3442 907 3512; x_wconf 88' lang='lat' dir='ltr'>Iulus,</span> 
     </span>
     <span class='ocr_line' id='line_1_34' title="bbox 178 3534 967 3615; baseline -0.008 -18"><span class='ocrx_word' id='word_1_196' title='bbox 178 3537 335 3597; x_wconf 87' lang='lat' dir='ltr'>Incedunt.</span> <span class='ocrx_word' id='word_1_197' title='bbox 379 3539 446 3615; x_wconf 92' lang='lat' dir='ltr'>Ipse</span> <span class='ocrx_word' id='word_1_198' title='bbox 463 3544 531 3593; x_wconf 87' lang='lat' dir='ltr'>ante</span> <span class='ocrx_word' id='word_1_199' title='bbox 547 3536 619 3592; x_wconf 84' lang='lat' dir='ltr'>alios</span> <span class='ocrx_word' id='word_1_200' title='bbox 634 3534 849 3612; x_wconf 88' lang='lat' dir='ltr'>pulcherrimus</span> <span class='ocrx_word' id='word_1_201' title='bbox 864 3551 967 3591; x_wconf 88' lang='lat' dir='ltr'>omnes</span> 
     </span>
     <span class='ocr_line' id='line_1_35' title="bbox 179 3626 956 3703; baseline -0.009 -14"><span class='ocrx_word' id='word_1_202' title='bbox 179 3629 272 3688; x_wconf 79' lang='lat' dir='ltr'>Infert</span> <span class='ocrx_word' id='word_1_203' title='bbox 287 3651 320 3688; x_wconf 91' lang='lat' dir='ltr'>se</span> <span class='ocrx_word' id='word_1_204' title='bbox 335 3631 448 3688; x_wconf 90' lang='lat' dir='ltr'>socium</span> <span class='ocrx_word' id='word_1_205' title='bbox 463 3628 593 3698; x_wconf 87' lang='lat' dir='ltr'>AEneas,</span> <span class='ocrx_word' id='word_1_206' title='bbox 610 3635 698 3702; x_wconf 91' lang='lat' dir='ltr'>atque</span> <span class='ocrx_word' id='word_1_207' title='bbox 715 3626 832 3703; x_wconf 86' lang='lat' dir='ltr'>agmina</span> <span class='ocrx_word' id='word_1_208' title='bbox 849 3626 956 3703; x_wconf 89' lang='lat' dir='ltr'>jungit.</span> 
     </span>
     <span class='ocr_line' id='line_1_36' title="bbox 179 3719 988 3797; baseline -0.005 -15"><span class='ocrx_word' id='word_1_209' title='bbox 179 3723 299 3794; x_wconf 77' lang='lat' dir='ltr'>Qualis,</span> <span class='ocrx_word' id='word_1_210' title='bbox 316 3725 365 3781; x_wconf 90' lang='lat' dir='ltr'>ubi</span> <span class='ocrx_word' id='word_1_211' title='bbox 379 3724 535 3781; x_wconf 87' lang='lat' dir='ltr'>hibernam</span> <span class='ocrx_word' id='word_1_212' title='bbox 549 3721 675 3797; x_wconf 84' lang='lat' dir='ltr'>Lyciam</span> <span class='ocrx_word' id='word_1_213' title='bbox 689 3719 861 3795; x_wconf 87' lang='lat' dir='ltr'>Xanthique</span> <span class='ocrx_word' id='word_1_214' title='bbox 878 3720 988 3778; x_wconf 87' lang='lat' dir='ltr'>lluenta</span> 
     </span>
     <span class='ocr_line' id='line_1_37' title="bbox 178 3812 910 3891; baseline -0.005 -17"><span class='ocrx_word' id='word_1_215' title='bbox 178 3816 311 3887; x_wconf 90' lang='lat' dir='ltr'>Deserit,</span> <span class='ocrx_word' id='word_1_216' title='bbox 328 3836 364 3873; x_wconf 89' lang='lat' dir='ltr'>ac</span> <span class='ocrx_word' id='word_1_217' title='bbox 378 3816 488 3873; x_wconf 89' lang='lat' dir='ltr'>Delum</span> <span class='ocrx_word' id='word_1_218' title='bbox 503 3823 667 3871; x_wconf 87' lang='lat' dir='ltr'>maternam</span> <span class='ocrx_word' id='word_1_219' title='bbox 681 3813 778 3871; x_wconf 88' lang='lat' dir='ltr'>invisit</span> <span class='ocrx_word' id='word_1_220' title='bbox 792 3812 910 3891; x_wconf 82' lang='lat' dir='ltr'>Apollo,</span> 
     </span>
     <span class='ocr_line' id='line_1_38' title="bbox 178 3907 949 3986; baseline -0.003 -19"><span class='ocrx_word' id='word_1_221' title='bbox 178 3908 388 3986; x_wconf 87' lang='lat' dir='ltr'>Instauratque</span> <span class='ocrx_word' id='word_1_222' title='bbox 403 3910 510 3967; x_wconf 90' lang='lat' dir='ltr'>choros</span> <span class='ocrx_word' id='word_1_223' title='bbox 527 3929 534 3977; x_wconf 90' lang='grc'><strong>;</strong></span> <span class='ocrx_word' id='word_1_224' title='bbox 559 3908 699 3984; x_wconf 86' lang='lat' dir='ltr'>mixtique</span> <span class='ocrx_word' id='word_1_225' title='bbox 715 3907 822 3964; x_wconf 86' lang='lat' dir='ltr'>altaria</span> <span class='ocrx_word' id='word_1_226' title='bbox 836 3907 949 3966; x_wconf 90' lang='lat' dir='ltr'>circum</span> 
     </span>
     <span class='ocr_line' id='line_1_39' title="bbox 179 4000 1064 4081; baseline -0.005 -19"><span class='ocrx_word' id='word_1_227' title='bbox 179 4003 348 4080; x_wconf 88' lang='lat' dir='ltr'>Cretesque</span> <span class='ocrx_word' id='word_1_228' title='bbox 363 4004 561 4081; x_wconf 89' lang='lat' dir='ltr'>Dryopesque</span> <span class='ocrx_word' id='word_1_229' title='bbox 577 4002 715 4071; x_wconf 86' lang='lat' dir='ltr'>fremunt,</span> <span class='ocrx_word' id='word_1_230' title='bbox 733 4002 863 4078; x_wconf 88' lang='lat' dir='ltr'>pictique</span> <span class='ocrx_word' id='word_1_231' title='bbox 878 4000 1041 4078; x_wconf 85' lang='lat' dir='ltr'>Agathyrsi</span> <span class='ocrx_word' id='word_1_232' title='bbox 1057 4020 1064 4058; x_wconf 91' lang='lat'>:</span> 
     </span>
     <span class='ocr_line' id='line_1_40' title="bbox 178 4093 942 4174; baseline -0.007 -19"><span class='ocrx_word' id='word_1_233' title='bbox 178 4095 248 4174; x_wconf 88' lang='lat' dir='ltr'>Ipse</span> <span class='ocrx_word' id='word_1_234' title='bbox 265 4098 347 4174; x_wconf 90' lang='lat' dir='ltr'>jugis</span> <span class='ocrx_word' id='word_1_235' title='bbox 362 4096 473 4173; x_wconf 90' lang='lat' dir='ltr'>Cynthi</span> <span class='ocrx_word' id='word_1_236' title='bbox 487 4095 632 4173; x_wconf 84' lang='lat' dir='ltr'>graditur,</span> <span class='ocrx_word' id='word_1_237' title='bbox 649 4095 787 4170; x_wconf 90' lang='lat' dir='ltr'>mollique</span> <span class='ocrx_word' id='word_1_238' title='bbox 802 4093 942 4151; x_wconf 88' lang='lat' dir='ltr'>fluentem</span> 
     </span>
     <span class='ocr_line' id='line_1_41' title="bbox 178 4187 1054 4266; baseline 0 -19"><span class='ocrx_word' id='word_1_239' title='bbox 178 4189 298 4247; x_wconf 90' lang='lat' dir='ltr'>Fronde</span> <span class='ocrx_word' id='word_1_240' title='bbox 320 4191 423 4266; x_wconf 91' lang='lat' dir='ltr'>premit</span> <span class='ocrx_word' id='word_1_241' title='bbox 438 4189 551 4246; x_wconf 91' lang='lat' dir='ltr'>crinem</span> <span class='ocrx_word' id='word_1_242' title='bbox 566 4189 692 4265; x_wconf 84' lang='lat' dir='ltr'>fingens,</span> <span class='ocrx_word' id='word_1_243' title='bbox 708 4196 798 4262; x_wconf 90' lang='lat' dir='ltr'>atquc</span> <span class='ocrx_word' id='word_1_244' title='bbox 814 4187 942 4263; x_wconf 88' lang='lat' dir='ltr'>implicat</span> <span class='ocrx_word' id='word_1_245' title='bbox 957 4207 1031 4247; x_wconf 89' lang='lat' dir='ltr'>auro</span> <span class='ocrx_word' id='word_1_246' title='bbox 1047 4209 1054 4258; x_wconf 94' lang='lat'>;</span> 
     </span>
     <span class='ocr_line' id='line_1_42' title="bbox 178 4280 946 4356; baseline -0.004 -15"><span class='ocrx_word' id='word_1_247' title='bbox 178 4282 256 4341; x_wconf 90' lang='lat' dir='ltr'>Tela</span> <span class='ocrx_word' id='word_1_248' title='bbox 270 4292 375 4340; x_wconf 86' lang='lat' dir='ltr'>sonant</span> <span class='ocrx_word' id='word_1_249' title='bbox 388 4282 529 4340; x_wconf 90' lang='lat' dir='ltr'>humeris.</span> <span class='ocrx_word' id='word_1_250' title='bbox 549 4300 560 4343; x_wconf 70' lang='grc' dir='ltr'>ι,</span> <span class='ocrx_word' id='word_1_251' title='bbox 572 4280 664 4337; x_wconf 88' lang='lat' dir='ltr'>Haud</span> <span class='ocrx_word' id='word_1_252' title='bbox 687 4281 736 4337; x_wconf 93' lang='lat' dir='ltr'>illo</span> <span class='ocrx_word' id='word_1_253' title='bbox 751 4281 871 4356; x_wconf 85' lang='lat' dir='ltr'>segnior</span> <span class='ocrx_word' id='word_1_254' title='bbox 885 4281 946 4338; x_wconf 85' lang='lat' dir='ltr'>ibat</span> 
     </span>
     <span class='ocr_line' id='line_1_43' title="bbox 177 4373 1164 4452; baseline -0.006 -17"><span class='ocrx_word' id='word_1_255' title='bbox 177 4376 318 4445; x_wconf 82' lang='lat' dir='ltr'>AEneas;</span> <span class='ocrx_word' id='word_1_256' title='bbox 342 4384 456 4434; x_wconf 88' lang='lat' dir='ltr'>tantum</span> <span class='ocrx_word' id='word_1_257' title='bbox 474 4374 596 4452; x_wconf 88' lang='lat' dir='ltr'>egregio</span> <span class='ocrx_word' id='word_1_258' title='bbox 612 4373 704 4431; x_wconf 90' lang='lat' dir='ltr'>decus</span> <span class='ocrx_word' id='word_1_259' title='bbox 718 4373 809 4431; x_wconf 90' lang='lat' dir='ltr'>enitet</span> <span class='ocrx_word' id='word_1_260' title='bbox 823 4393 885 4432; x_wconf 91' lang='lat' dir='ltr'>ore.</span> <span class='ocrx_word' id='word_1_261' title='bbox 1109 4380 1164 4436; x_wconf 84' lang='lat'>150</span> 
     </span>
     <span class='ocr_line' id='line_1_44' title="bbox 217 4467 1094 4548; baseline -0.003 -19"><span class='ocrx_word' id='word_1_262' title='bbox 217 4470 380 4548; x_wconf 84' lang='lat' dir='ltr'>Postquam</span> <span class='ocrx_word' id='word_1_263' title='bbox 395 4471 471 4527; x_wconf 90' lang='lat' dir='ltr'>altos</span> <span class='ocrx_word' id='word_1_264' title='bbox 486 4476 605 4526; x_wconf 82' lang='lat' dir='ltr'>ventum</span> <span class='ocrx_word' id='word_1_265' title='bbox 620 4467 648 4524; x_wconf 92' lang='lat' dir='ltr'>in</span> <span class='ocrx_word' id='word_1_266' title='bbox 664 4476 777 4524; x_wconf 91' lang='lat' dir='ltr'>montes</span> <span class='ocrx_word' id='word_1_267' title='bbox 792 4476 882 4543; x_wconf 87' lang='lat' dir='ltr'>atque</span> <span class='ocrx_word' id='word_1_268' title='bbox 897 4467 976 4525; x_wconf 85' lang='lat' dir='ltr'>invio</span> <span class='ocrx_word' id='word_1_269' title='bbox 990 4468 1094 4541; x_wconf 88' lang='lat' dir='ltr'>lustra,</span> 
     </span>
    </p>
   </div>
   <div class='ocr_carea' id='block_1_6' title="bbox 0 0 1350 5122">
    <p class='ocr_par' dir='ltr' id='par_1_6' title="bbox 0 0 1350 5122">
     <span class='ocr_line' id='line_1_45' title="bbox 0 0 1350 5122; baseline 0 2"><span class='ocrx_word' id='word_1_270' title='bbox 0 0 1350 5122; x_wconf 95' lang='lat' dir='ltr'> </span> 
     </span>
    </p>
   </div>
  </div>
 </body>
</html>
