2692 5122
538 404 544 413 ι

371 1077 411 1143 r.
444 1072 973 1144 v1so1u11smaos1s

432 1237 901 1335 BUOOLIOON

575 1419 760 1478 LIBER.

548 1652 741 1720 ECLOGA
765 1654 793 1720 Ι.

585 1816 749 1866 amasus.

579 1980 756 2021 MELIBOEUS.

172 2087 308 2160 Trrrss,
323 2095 367 2161 tu,
383 2087 492 2165 patulae
506 2089 656 2145 recubans
671 2088 727 2145 sub
741 2085 872 2164 tegmine
886 2084 959 2166 fagi,

175 2181 347 2240 Silvestrem
359 2181 442 2240 tonui
456 2199 570 2240 musam
584 2181 736 2239 mediteris
751 2178 848 2238 avenai
862 2199 869 2236 :

174 2274 240 2334 Nos
253 2275 357 2352 patriae
372 2274 447 2333 fines
460 2283 491 2332 et
505 2274 605 2333 dulcia
618 2274 778 2350 linquimus
792 2293 865 2332 arva
877 2293 887 2345 ;

175 2366 240 2425 Nos
254 2368 377 2446 petriam
391 2368 520 2445 sugimus
536 2386 543 2436 ;
567 2375 610 2438 tu,
626 2367 742 2444 Tityre,
759 2367 857 2425 lentus
872 2367 902 2425 in
917 2363 1034 2439 umbri,

175 2460 349 2520 Formosam
363 2479 506 2519 resonare
521 2460 614 2517 doces
627 2459 813 2535 Amaryllida
827 2460 928 2518 silvas.
1144 2460 1165 2518 ὅ

600 2635 741 2675 TITYRUS.

176 2739 203 2799 0
216 2740 370 2811 Meliboee,
387 2741 461 2798 deus
475 2740 560 2798 nobis
570 2741 635 2799 hoec
650 2741 710 2798 otia
724 2741 794 2798 fecit
810 2758 817 2797 :

176 2833 314 2909 Namque
329 2835 384 2891 erit
399 2835 447 2891 ille
464 2834 532 2892 mihi
547 2854 664 2911 semper
678 2835 752 2892 dous
767 2854 775 2902 ;
799 2835 878 2893 illius
892 2853 976 2895 orem

171 2921 261 3004 'Saepe
275 2937 362 2985 tener
375 2928 484 2985 nostris
500 2930 537 2984 ab
553 2929 678 2985 ovilibus
693 2929 803 2986 imbuet
819 2947 925 3006 ugnus.

176 3019 230 3078 Ille
243 3040 327 3079 meas
341 3040 444 3079 errare
458 3023 561 3092 boves,
578 3031 609 3079 ut
621 3022 730 3093 cernis,
748 3030 778 3079 et
792 3022 888 3099 ipsum

175 3113 306 3187 Ludere,
323 3135 389 3192 quae
406 3116 521 3187 vellem,
540 3115 656 3174 calamo
671 3116 802 3193 permisit
817 3115 940 3194 agresti.
1128 3117 1164 3175 10

580 3292 756 3332 mutilemus.

175 3396 203 3455 N
206 3416 243 3454 on
257 3397 394 3472 equidem
409 3397 526 3456 invideo
541 3417 549 3467 3
573 3398 663 3455 miror
676 3397 772 3474 magis
787 3416 794 3454 :
811 3398 942 3473 undique
956 3397 1026 3457 totis

175 3488 277 3565 Usque
293 3489 367 3548 adeo
382 3493 519 3549 turbatur
534 3492 625 3568 agris.
667 3490 727 3560 En,
744 3490 807 3567 ipse
822 3491 955 3568 capellas

174 3582 322 3642 Proteuus
336 3604 418 3662 aeger
432 3604 490 3663 ago
507 3603 514 3653 ;
539 3586 617 3642 hanc
632 3586 721 3642 etiam
738 3585 796 3655 vix,
812 3584 928 3661 Tityre,
945 3583 1032 3645 duoo.

175 3675 238 3734 Hie
252 3677 329 3735 inter
342 3677 451 3736 densas
466 3679 584 3754 corylos
599 3677 684 3736 modo
700 3698 828 3754 nomque
848 3678 1002 3756 gemellos,

176 3770 264 3846 Spem
277 3771 391 3848 gregis,
408 3773 445 3829 ah
458 3775 464 3829 !
487 3772 571 3830 silice
586 3773 614 3830 in
630 3771 710 3830 uudd
725 3773 852 3830 connixa
866 3773 994 3849 reliquit.
1127 3776 1162 3834 15

176 3862 261 3940 Saepd
276 3864 385 3921 malum
399 3865 456 3922 hoc
470 3866 566 3936 uobis,
583 3867 607 3923 si
628 3886 710 3923 mens
726 3885 784 3923 non
799 3866 874 3923 laeva
889 3865 1003 3940 suisset,

175 3954 223 4014 De
238 3958 317 4015 coelo
331 3966 429 4017 tactas
443 3961 562 4017 memini
577 3961 740 4037 praedicere
756 3980 885 4037 quercus
901 3980 910 4030 ;

177 4048 276 4128 [Saepd
293 4051 413 4110 sinistra
428 4051 505 4111 cavi
518 4054 653 4131 praedixit
668 4056 705 4112 ab
720 4055 787 4112 ilice
802 4055 931 4135 cornix.]

176 4143 235 4202 Sed
248 4153 359 4217 temen,
376 4147 431 4204 iste
445 4147 520 4205 dous
534 4149 585 4224 qui
599 4149 647 4219 sit,
663 4148 712 4220 da,
729 4147 843 4226 Tityre,
859 4148 953 4210 nobis.

596 4339 736 4380 TITYRUS.

177 4439 287 4500 Urbem
302 4461 391 4518 quam
403 4443 503 4502 dicunt
517 4445 654 4517 Romam,
671 4445 824 4518 Meliboee,
842 4446 942 4525 putavi
1122 4450 1162 4507 20
