2692 5122
191 389 250 446 336
479 383 506 430 Ρ.
526 383 693 431 vlnerum
716 384 888 433 Mauortts

191 521 374 598 Insequitur,
390 522 556 599 trepidique
572 523 676 600 podem
691 524 765 600 pede
782 523 912 582 fervidus
926 532 1024 603 urget.

192 615 344 674 Inclusum
359 615 450 673 veluti
464 616 489 673 si
504 616 623 691 quando
637 617 758 674 flumine
772 629 877 676 nactus

192 709 335 781 Corvum,
352 719 402 767 aut
418 710 552 786 puniceae
567 718 683 786 septum
698 710 851 768 formidine
866 731 981 788 ponne,
1124 715 1186 774 760

191 803 327 861 Venator
341 823 442 874 cursu,
459 803 543 861 canis
556 811 586 860 et
601 804 756 861 latratibus
775 804 883 861 instat:

192 897 246 955 Ille
261 905 371 968 autem,
387 895 502 953 insidiis
515 904 545 953 et
559 895 626 972 ripa
639 896 761 954 territus
777 896 848 968 alta,

191 990 275 1049 Mille
291 991 365 1068 fugit
379 990 549 1067 refugitque
564 990 650 1058 vias3
675 998 705 1047 at
721 989 835 1047 vividus
850 989 963 1049 Umber

191 1084 297 1143 Haeret
311 1085 407 1154 hians,
420 1083 482 1159 jam
498 1084 622 1159 jamque
636 1092 727 1154 tenet,
744 1084 908 1161 similisque
922 1085 1035 1143 tenenti

192 1176 345 1255 Increpuit
360 1178 455 1248 malis,
472 1196 632 1252 morsuque
647 1176 749 1235 elusus
763 1178 844 1235 inani
858 1186 913 1237 est.
1122 1180 1185 1237 755

189 1273 268 1331 Tum
284 1272 354 1330 verd
369 1272 500 1330 exoritur
514 1273 638 1341 clamor,
654 1272 787 1348 ripaeque
801 1273 944 1349 lacusque

190 1366 382 1444 Responsum
397 1367 491 1436 circd,
508 1373 537 1422 et
552 1364 661 1423 coelum
675 1373 757 1422 tonat
772 1383 858 1422 omne
871 1367 1008 1426 tumultu.

190 1459 257 1532 Ille,
274 1460 359 1517 simul
375 1459 504 1537 fugiens,
520 1457 650 1516 Rutulos
667 1458 753 1514 simul
768 1458 901 1535 increpat
916 1479 1028 1531 omnes,

191 1555 319 1615 Nomine
334 1570 482 1629 quemque
497 1570 629 1620 vocans;
654 1560 814 1627 notumque
829 1553 974 1631 efflagitat
988 1572 1100 1613 ensem.

191 1649 311 1708 AEneas
325 1654 449 1704 mortem
465 1646 570 1703 contra
585 1664 777 1721 pressusque
798 1646 927 1703 minatur
1125 1649 1185 1706 760

186 1742 334 1811 Exitium,
350 1741 375 1797 si
390 1740 548 1815 quisquam
562 1738 652 1796 adeat
664 1758 672 1807 ;
695 1746 849 1815 terretque
863 1747 1035 1810 trementes,

191 1836 370 1895 Excisurum
386 1835 489 1891 urbem
503 1833 652 1904 minitans,
668 1841 697 1890 et
710 1834 830 1891 saucius
845 1834 943 1891 instat.

192 1929 335 2005 Quinque
349 1929 438 1985 orbes
453 1926 571 2004 explent
586 1945 687 1997 cursu,
703 1926 885 2002 totidemque
902 1934 1040 1984 retexunt

192 2023 275 2093 Huc,
292 2023 372 2080 illuc.
415 2021 523 2096 Neque
538 2020 617 2077 enirn
632 2020 709 2077 levia
725 2029 775 2077 aut
790 2020 905 2077 ludicra
923 2027 1064 2096 petuntur

191 2118 330 2187 Praemia,
347 2115 400 2173 sed
413 2115 510 2173 Turni
525 2113 563 2172 de
578 2112 640 2172 vitri
653 2122 683 2171 et
697 2114 843 2191 sanguine
857 2122 984 2173 certent.
1126 2116 1186 2174 765

191 2210 283 2269 Forte
299 2228 386 2267 sacer
399 2208 506 2266 Fauno
523 2207 600 2265 foliis
614 2206 745 2265 oleaster
758 2208 867 2264 amaris

191 2303 256 2363 Hic
271 2310 403 2373 steterat,
420 2301 519 2359 nautis
533 2301 602 2358 olim
616 2300 787 2358 venerabile
802 2302 919 2378 signum
935 2321 943 2370 ;

192 2397 309 2456 Servati
324 2416 360 2453 ex
375 2395 461 2453 undis
477 2394 525 2452 ubi
540 2394 634 2471 figere
648 2393 725 2451 dona
740 2393 876 2452 solebant

190 2490 337 2550 Laurenti
351 2488 429 2558 divo,
446 2497 475 2545 ct
490 2495 574 2544 votas
588 2488 771 2564 suspendere
787 2496 906 2546 vestes:

193 2583 252 2642 Sed
267 2584 387 2658 stirpem
400 2581 524 2650 Teucri,
541 2581 621 2638 nullo
637 2581 816 2653 discrimine,
834 2602 954 2641 sacrum
1125 2583 1185 2640 770

192 2678 390 2745 Sustuterant‚
409 2693 483 2750 puro
498 2682 528 2730 ut
544 2683 663 2749 possent
678 2694 859 2733 concurrere
873 2683 987 2753 campo.

191 2770 254 2830 Hic
268 2771 356 2827 hasta
368 2769 480 2827 AEneae
495 2768 592 2824 stabat
606 2786 614 2836 ;
638 2768 696 2826 huc
711 2769 836 2846 impetus
851 2770 931 2827 illam

190 2863 360 2933 Detulerat,
376 2862 464 2918 fixam
478 2869 507 2918 et
522 2858 603 2918 lenti
618 2861 648 2918 in
663 2861 764 2920 radice
782 2864 910 2921 tenebat.

191 2957 341 3027 Incubuit,
359 2955 509 3031 voluitque
523 2974 611 3012 manu
626 2955 796 3013 convellere
812 2957 922 3014 ferrum

191 3049 392 3120 Dardanides,
408 3048 528 3125 teloque
543 3050 639 3124 sequi,
657 3068 744 3124 quem
759 3049 903 3126 prendere
923 3068 1013 3107 cursu
1123 3049 1183 3106 775

191 3143 259 3202 Non
275 3150 400 3220 poterat.
441 3142 471 3199 T
472 3161 521 3199 um
536 3141 607 3199 vero
622 3162 725 3199 amens
740 3143 893 3200 formidine
906 3142 1040 3212 Turnus,

190 3237 306 3307 Fauna,
324 3255 440 3313 precor,
457 3236 610 3305 miserere,
627 3236 743 3311 inquit;
767 3243 859 3313 tuque
874 3237 985 3313 optima
998 3236 1111 3294 ferrum

189 3329 288 3386 Terra
302 3338 392 3396 tene;
417 3327 497 3385 colui
513 3336 628 3386 vestros
643 3330 667 3385 si
683 3348 801 3406 semper
820 3330 960 3401 honores,

190 3423 276 3488 Quos
290 3418 394 3478 contrd
407 3420 557 3479 AEneadae
573 3421 650 3478 bello
665 3420 765 3480 secere
783 3423 931 3499 profanos.

191 3515 283 3586 Dixit,
300 3533 444 3592 opemque
460 3513 507 3570 dei
523 3534 580 3571 non
595 3534 684 3573 cassa
699 3516 728 3572 in
743 3525 811 3573 vota
827 3516 953 3575 vocavit.
1124 3518 1182 3575 780

190 3608 328 3685 Namque
344 3608 393 3665 diu
408 3607 536 3678 luctans,
553 3608 693 3684 lentoque
709 3610 738 3666 in
753 3610 844 3686 stirpe
859 3618 1001 3681 moratus,

188 3701 311 3760 Viribus
325 3702 404 3759 haud
420 3702 487 3759 ullis
502 3702 594 3759 valuit
609 3702 776 3760 discludere
795 3722 911 3761 morsus

191 3796 319 3854 Roboris
333 3796 461 3855 AEneas.
504 3796 584 3853 Dum
599 3796 702 3853 nititur
715 3815 797 3867 acer,
814 3804 844 3853 ct
862 3795 961 3867 instat,

189 3891 309 3950 Rursus
323 3893 352 3949 in
367 3892 478 3968 aurigae
494 3891 600 3949 faciem
614 3899 726 3949 mutata
740 3891 859 3949 Metisci

191 3985 354 4054 Procurrit,
372 3984 517 4060 fratrique
533 4003 633 4041 ensem
649 3984 705 4041 dea
718 3984 841 4041 Daunia
854 3983 959 4043 reddit.

191 4078 280 4146 Quod
294 4078 399 4136 Venus
413 4077 521 4135 audaci
536 4078 681 4154 Nymphae
696 4077 848 4154 indignata
862 4078 963 4150 licere,

190 4172 339 4244 Accessit,
355 4173 506 4250 telumque
521 4169 583 4230 elta
597 4172 634 4228 ab
649 4170 749 4229 radice
762 4170 886 4228 revellit.
