2692 5122
213 384 270 444 1⁶4
510 374 714 424 r.vrno1urr
734 376 905 425 nxnorns

211 518 342 578 invisam
357 536 495 593 quaerens
510 516 724 595 quamprimum
739 518 915 594 abrumpere
930 516 1038 574 lucem.

210 613 289 671 Tum
304 613 435 669 breviter
448 611 566 669 Barcen
582 612 727 670 nutricem
743 612 834 669 affata
849 611 978 689 Sychaei,

211 707 350 784 Namque
371 726 455 764 suam
471 704 569 783 patrii
583 704 707 782 antiquis
721 706 796 764 cinis
811 714 875 763 ater
889 705 1018 763 babebat
1031 722 1039 760 τ

210 801 340 872 Annam,
357 820 430 858 cara
444 800 514 858 mihi
528 799 637 870 nutrix,
654 800 713 857 huc
727 799 799 856 siste
813 818 944 857 sororem
959 817 967 867 ;

210 895 270 956 Dic
286 915 394 973 corpus
409 904 547 972 properet
566 893 677 952 fluviali
692 913 835 971 spargere
850 891 980 970 lymphai,

211 990 252 1050 Et
271 990 402 1068 pecudes
416 1008 518 1047 secum
533 997 563 1046 et
577 996 742 1046 monstrata
756 988 874 1065 piacula
888 987 999 1056 ducat3

212 1087 263 1145 Sic
277 1086 395 1144 veniat:
418 1095 510 1162 tuque
526 1085 590 1162 ipsa
600 1082 655 1161 pit
672 1093 740 1161 tege
756 1093 890 1160 tempora
905 1080 987 1140 vittis.

212 1182 307 1239 Sacra
320 1179 389 1237 Jovi
408 1178 523 1256 Stygio,
541 1198 608 1255 quae
623 1176 677 1235 rite
693 1178 813 1254 incepta
827 1176 941 1254 paravi,

211 1276 364 1336 Perficere
379 1284 424 1332 est
439 1275 565 1346 animus,
582 1274 731 1349 finemque
746 1273 897 1350 imponere
912 1272 1003 1343 curis,

211 1369 417 1446 Dardaniique
432 1388 537 1446 rogum
552 1367 658 1445 capitis
672 1367 841 1444 permittere
857 1368 990 1425 flemmae.

213 1464 263 1523 Sic
278 1465 327 1522 ait.
371 1462 427 1521 Illa
441 1461 567 1540 gradum
581 1460 679 1519 studio
694 1461 846 1518 celerabat
861 1460 941 1518 anili.

251 1560 292 1615 At
306 1556 421 1633 trepida
436 1564 465 1612 et
480 1555 586 1632 coeptis
601 1554 778 1612 immanibus
793 1553 886 1611 effera
900 1553 990 1624 Dido,

214 1651 417 1729 Sanguineam
432 1649 553 1707 volvens
573 1648 678 1719 aciem,
694 1648 878 1722 maculisque
892 1655 1054 1705 trementes

213 1743 363 1804 interfusa
377 1761 481 1819 genas,
497 1750 527 1799 et
548 1741 657 1818 pallida
670 1752 764 1798 morte
778 1739 888 1811 suturis,

213 1836 361 1896 Interiora
374 1835 479 1893 domins
495 1835 627 1912 irrumpit
643 1834 755 1904 limina,
771 1842 801 1891 et
816 1834 892 1891 altos

213 1929 398 1992 Conscendit
412 1929 571 1988 furibunda
584 1948 684 2006 rogos,
702 1947 864 2003 ensemque
878 1926 1005 1985 recludit

212 2025 410 2096 Dardanium,
427 2043 485 2082 non
504 2024 558 2081 hos
573 2022 730 2098 quaesitunr
744 2041 850 2079 munus
866 2021 893 2079 in
909 2041 990 2080 usus.

212 2118 288 2190 Hic,
304 2129 459 2196 postquam
474 2117 585 2175 Iliacas
600 2124 700 2173 vestes
714 2124 875 2191 notumque
891 2115 989 2173 cubile

214 2212 390 2289 Conspexit,
407 2211 526 2289 paulimr
540 2209 681 2286 lacrymis
695 2217 724 2266 et
739 2217 836 2267 mente
851 2217 975 2280 morata,

214 2305 413 2381 Incubuitque
433 2313 509 2375 toro,
526 2303 657 2379 dixitque
672 2303 832 2360 novissima
847 2283 939 2361 verba
955 2322 963 2360 t
980 2362 990 2373 ,

252 2400 369 2457 Dulces
383 2397 508 2468 exuviae,
525 2397 594 2454 dum
609 2395 671 2454 sata
684 2397 817 2473 deusque
833 2396 981 2469 sinebant,

214 2493 349 2570 Accipite
365 2492 443 2549 hanc
458 2491 596 2561 animem,
613 2509 721 2566 meque
740 2489 786 2547 his
800 2490 942 2548 exsolvite
958 2489 1048 2549 curis.

213 2586 294 2654 Vixi,
310 2594 338 2642 et
357 2604 443 2660 quem
457 2584 581 2641 dederat
595 2602 714 2641 cursum
729 2583 864 2641 Fortuna
878 2584 1001 2662 peregi:

213 2676 254 2738 Et
269 2698 348 2735 nunc
362 2698 470 2755 magua
485 2677 542 2735 mei
563 2678 618 2734 sub
633 2686 730 2735 terras
744 2677 795 2733 ibit
815 2676 923 2754 imago.

213 2771 326 2831 Urbem
341 2773 515 2849 praeclaram
531 2771 621 2830 statui
638 2790 645 2839 ;
670 2789 737 2827 mea
750 2770 861 2828 moenia
876 2770 955 2840 vidi;

213 2865 284 2926 Ulta
299 2869 404 2938 virum,
421 2887 526 2945 poenas
540 2865 659 2924 inimico
673 2884 692 2922 a
706 2865 798 2922 fratre
814 2865 917 2942 recepi
934 2884 942 2935 ;

213 2961 310 3033 Felix,
327 2963 384 3019 heu
401 2964 407 3018 !
430 2960 551 3018 nimium
566 2959 645 3030 felix,
661 2958 686 3016 si
700 2958 799 3015 littora
812 2958 926 3015 tantum

214 3053 377 3132 Nunquam
391 3055 554 3113 Dardaniae
568 3053 737 3131 tetigissent
751 3063 853 3109 nostra
868 3051 979 3109 carinae
995 3053 1002 3109 l

213 3148 307 3220 Dixit,
325 3159 353 3206 et
369 3169 402 3206 os
417 3150 561 3225 impressa
580 3156 655 3218 toro,
671 3146 836 3204 Moriemur
850 3144 949 3202 inultas
966 3146 973 3200 l

214 3242 274 3300 Sed
289 3243 458 3313 moriamur,
476 3242 525 3299 ait.
571 3241 631 3311 sic,
649 3242 693 3298 sic
710 3240 796 3315 juvat
811 3238 854 3296 ire
869 3240 925 3296 sub
941 3239 1069 3297 umbras.
1142 3238 1200 3295 660

181 3320 186 3327 ’
214 3334 346 3394 Hauriat
361 3336 439 3392 huno
454 3335 549 3392 oculis
563 3334 663 3410 ignem
678 3334 808 3391 crudelis
823 3335 860 3390 ab
875 3333 934 3390 alto

214 3428 387 3499 Dardanus,
404 3437 433 3486 et
448 3437 556 3485 nostrae
572 3446 674 3485 secum
689 3428 764 3485 ferat
778 3427 877 3485 omina
890 3427 1001 3487 mortis.

253 3521 379 3580 Dixerat
396 3540 404 3589 ;
428 3528 518 3595 atque
534 3520 612 3577 illam
627 3520 724 3578 media
738 3521 816 3578 inter
829 3520 901 3578 talia
915 3519 994 3578 ferro

216 3613 388 3692 Collapsam
403 3613 570 3692 adspiciunt
584 3614 718 3686 comites,
735 3633 897 3691 ensemque
912 3631 1020 3672 eruore

215 3708 417 3785 Spumantem,
438 3727 618 3785 sparsasque
633 3728 747 3766 manus.
793 3707 818 3765 lt
834 3708 947 3765 clamor
960 3706 997 3764 ad
1011 3706 1073 3764 alta
1143 3707 1202 3764 665

213 3801 301 3858 Atria
317 3820 324 3870 ;
348 3820 524 3859 concussam
539 3802 704 3860 bacchatur
717 3803 796 3860 sama
811 3821 864 3879 per
879 3803 983 3858 urbem
999 3819 1006 3869 3

213 3892 378 3964 Lamentis,
394 3895 576 3972 gemituque,
593 3904 621 3953 et
637 3897 775 3954 soemineo
790 3896 904 3953 ululatu

213 3986 311 4044 Tecta
325 3987 451 4046 fremunt
469 4008 476 4058 ;
501 3999 619 4047 resonat
638 3989 753 4068 magnis
769 3989 962 4066 plangoribus
977 3987 1080 4047 aether.

214 4080 283 4139 Non
298 4080 384 4138 aliter
399 4082 487 4158 qudrn
502 4083 526 4141 si
541 4083 678 4142 immissis
693 4091 758 4141 ruat
773 4083 907 4139 hostibus
922 4081 1016 4139 omnis

215 4173 380 4251 Carthago,
397 4183 448 4233 aut
468 4177 589 4253 antiqua
602 4178 712 4255 Tyros,
729 4177 915 4252 tiammaeque
930 4175 1063 4232 furentes
1144 4176 1204 4234 670

215 4267 355 4330 Culmina
368 4288 482 4349 perque
496 4271 645 4331 hominum
659 4271 816 4332 volvantur
830 4286 942 4349 perque
956 4267 1090 4328 deorum.
