2692 5122
503 736 678 816 auersos
698 767 767 815 nra
782 768 863 817 vna
1116 774 1171 833 241

194 905 269 975 Quis
282 906 368 978 deus,
385 906 529 966 incertum
543 914 599 979 est,
615 907 727 965 habitat
741 906 835 966 deus:
857 905 994 965 Arcades
1008 905 1104 984 ipsum

193 999 328 1060 Credunt
342 1021 375 1058 se
390 1002 497 1059 vidisse
510 1002 628 1071 lovem,
645 1020 736 1077 quum
749 1001 829 1077 saepb
844 1001 1011 1076 nigrantem

144 1152 148 1163 ,
191 1093 306 1171 AEgida
319 1102 492 1152 concuteret
506 1093 620 1164 dextri,
637 1094 809 1168 nimbosque
825 1094 927 1151 cieret.

191 1184 270 1246 Hac
282 1186 342 1244 duo
358 1200 504 1264 proeteres
517 1187 649 1267 disjectis
663 1186 769 1263 oppida
783 1186 885 1255 muris,
1114 1187 1173 1244 ³56

191 1278 348 1355 Reliquias
362 1287 554 1355 veterumque
569 1280 652 1337 vides
666 1287 855 1337 monumenta
869 1277 1008 1336 virorum.

191 1371 281 1431 Hanc
293 1372 391 1431 Janus
404 1382 498 1449 pater,
515 1374 591 1431 hanc
606 1375 752 1430 Saturnus
766 1371 894 1430 condidit
908 1390 1008 1430 amem
1023 1391 1031 1440 ;

190 1464 358 1523 Janiculum
373 1465 451 1536 huic,
468 1466 509 1524 illi
523 1466 620 1524 suerat
635 1465 774 1524 Saturnia
788 1483 903 1526 nomen

226 1557 353 1616 Talibus
367 1559 444 1616 inter
457 1577 490 1615 se
504 1558 590 1617 dictis
605 1559 643 1617 ad
656 1567 737 1616 tecta
750 1559 889 1616 subibant

190 1649 334 1728 Pauperis
346 1650 491 1721 Evandri,
507 1651 676 1728 passimque
691 1661 825 1709 armenta
840 1650 977 1709 videbant
1112 1652 1172 1709 360

189 1742 383 1820 Romanoque
398 1744 461 1800 soro
478 1752 507 1801 et
523 1744 610 1801 lautis
624 1744 739 1821 mugire
754 1744 885 1803 Carinis.
975 1776 976 1781 κ

189 1834 226 1895 Ut
241 1845 360 1895 ventum
374 1836 412 1894 ad
425 1837 533 1894 sedes:
556 1837 646 1907 Haec,
662 1837 766 1913 inquit,
782 1837 884 1895 limina
896 1835 992 1895 victor

188 1929 307 1987 Alcides
321 1931 411 1988 subiit
429 1949 437 2000 3
461 1929 525 1988 boc
540 1931 620 1988 illum
634 1931 720 2008 regia
737 1931 824 2008 cepit.

188 2020 282 2093 Ande,
297 2022 415 2099 hospes,
433 2031 621 2082 contemnere
636 2043 719 2100 opes,
735 2033 765 2081 et
779 2032 808 2081 te
823 2041 942 2100 quoque
955 2022 1077 2101 dignum

188 2112 281 2193 linge
296 2115 352 2173 deo
368 2135 375 2184 ;
400 2117 548 2193 rebusque
564 2117 630 2174 veni
644 2137 703 2175 non
717 2136 806 2194 asper
819 2117 933 2195 egenis.
1108 2118 1169 2189 ³66

188 2207 269 2266 Dixit
287 2227 294 2277 ;
319 2216 348 2290 et
363 2209 481 2285 angusti
494 2211 596 2268 subter
610 2209 729 2286 fastigia
743 2210 814 2267 tecti

188 2297 342 2378 lugentem
355 2301 479 2359 AEnean
495 2301 586 2371 duxit,
604 2303 764 2376 stratisque
777 2301 887 2360 locavit

186 2391 329 2452 Effultum
342 2394 419 2451 soliis
433 2401 462 2452 et
478 2395 553 2470 pelle
567 2394 730 2470 Libystidis
742 2413 830 2452 uram.

186 2484 252 2545 Nox
266 2487 335 2559 ruit,
351 2496 380 2546 et
395 2488 486 2545 fuscia
501 2488 638 2545 tellurem
652 2487 839 2564 amplectitur
852 2487 917 2547 alis.

220 2580 261 2637 At
276 2580 380 2637 Venus
394 2579 472 2638 haud
487 2580 585 2637 animo
599 2579 797 2655 nequidquam
812 2580 953 2639 exterrita
966 2587 1072 2652 mater,
1106 2582 1167 2639 ato

184 2669 427 2747 Laurentumque
441 2672 527 2730 minis
542 2679 571 2729 et
585 2671 659 2729 duro
673 2679 753 2729 mota
766 2673 905 2744 tumultu,

183 2762 352 2822 Vulcanum
365 2765 533 2840 alloquitur,
549 2764 740 2840 thalamoque
754 2764 819 2823 haec
834 2767 970 2844 conjugis
984 2785 1076 2826 aureo

183 2853 299 2933 Incipit,
317 2866 346 2914 et
360 2856 446 2913 dictis
460 2857 589 2915 divinum
603 2857 734 2933 adspirat
749 2876 879 2917 amorem
894 2877 901 2915 ε

182 2948 261 3008 Dum
278 2951 356 3008 bello
369 2950 504 3028 Argolici
519 2953 675 3009 vastabant
688 2951 839 3029 Pergama
853 2972 941 3031 reges
1163 3018 1170 3032 Α

183 3040 302 3112 Debita,
319 3061 502 3119 casurasque
517 3044 641 3102 inimicis
655 3045 773 3122 ignibus
787 3065 885 3121 arces,
903 3088 908 3113 ‚
1104 3050 1164 3107 ato

183 3134 248 3194 Non
264 3137 357 3193 ullum
371 3137 510 3194 auxilium
524 3139 650 3209 miseris,
666 3158 723 3197 non
738 3159 821 3198 arma
835 3141 939 3219 rogavi

182 3227 263 3286 Artis
276 3229 400 3306 opisque
414 3239 472 3288 tuae
489 3250 496 3299 ;
520 3250 576 3288 nec
590 3240 631 3302 tc,
647 3232 800 3290 carissime
814 3235 933 3309 conjux,

182 3321 373 3380 incassumve
387 3330 454 3380 tuos
468 3324 547 3381 volui
561 3343 704 3382 exercere
718 3326 836 3382 labores
850 3345 857 3394 ;

183 3413 326 3480 Quamvis
340 3424 369 3472 et
382 3415 493 3473 Priami
507 3415 647 3474 deberem
662 3417 787 3492 plurima
800 3418 887 3489 uatis,

181 3505 218 3565 Et
232 3507 340 3564 durum
356 3505 462 3565 AEneoe
477 3508 624 3566 flevissem
640 3508 718 3585 saepe
733 3508 876 3568 laborem.
1104 3515 1163 3572 880

181 3598 206 3657 N
210 3618 269 3657 unc
283 3599 512 3676 Jovisimperiis
526 3600 705 3657 Rutulorum
720 3601 850 3659 constitit
864 3602 923 3661 oris
941 3621 948 3660 :

180 3692 262 3772 Ergo
277 3694 380 3753 eadem
395 3694 518 3771 supplex
533 3694 629 3765 venio,
645 3701 675 3752 et
689 3704 824 3753 sanctum
838 3697 908 3755 mihi
922 3717 1030 3759 numen

180 3790 271 3848 Arma
283 3809 368 3867 rogo,
384 3790 521 3868 genetrix
534 3798 613 3849 nato.
654 3791 700 3848 Te
715 3791 776 3849 filia
788 3792 892 3864 Nerei,

179 3879 222 3940 Te
237 3883 331 3958 potuit
346 3882 486 3958 lacrymis
498 3882 638 3942 Tithonia
651 3884 773 3943 flectcre
787 3886 905 3962 conjux.

179 3975 318 4052 Adspice,
336 3975 386 4050 qui
399 3978 505 4034 coeant
521 3977 629 4054 populi,
647 3997 712 4053 quta
727 3979 837 4038 moeais
850 3980 960 4039 clausis
1100 3985 1158 4041 aab

179 4064 305 4124 Ferrum
319 4077 426 4126 acuant
441 4069 531 4144 portis
542 4069 572 4126 in
586 4089 632 4127 me
647 4069 853 4147 excidiumque
867 4092 1009 4134 meorum.

214 4160 342 4218 Dixerat
359 4179 366 4229 ;
390 4169 419 4218 et
432 4162 526 4220 niveis
541 4162 609 4220 binc
623 4171 712 4238 atque
726 4163 795 4239 hinc
809 4164 877 4223 diva
891 4165 1013 4225 lacertis

179 4251 377 4313 Cunctantem
392 4255 528 4332 amplexu
542 4255 621 4313 molli
635 4256 724 4315 fovet.
766 4257 822 4314 llle
836 4259 959 4336 repente

177 4347 301 4425 Accepit
315 4349 431 4405 solitam
446 4348 602 4419 flammam,
617 4361 763 4426 notusque
778 4351 924 4411 medullas

176 4437 298 4499 Intravit
313 4441 406 4512 calor,
422 4450 452 4499 et
465 4442 614 4500 labefacto
628 4461 681 4519 per
695 4462 764 4500 ossa
777 4446 909 4503 cucurrit
924 4465 931 4502 :
1097 4450 1156 4508 390

176 4531 202 4590 N
205 4553 242 4593 on
255 4534 346 4593 seciae
359 4543 449 4612 atque
462 4535 541 4606 olim,
557 4536 667 4595 tonitru
683 4555 772 4611 quum
786 4545 873 4614 rupta
886 4558 1013 4599 corusco

486 4630 522 4684 ul
831 4647 871 4687 aa
