2692 5122
496 791 670 843 aretinos
689 794 759 842 ΜΕ
774 794 821 843 xi.

170 934 269 994 Unum
283 934 374 992 etiam
389 931 473 991 donis
486 932 561 1005 istis,
579 952 645 1009 quaa
659 933 786 1011 plurima
805 933 880 992 mitti

170 1027 354 1088 Dardanidis
367 1027 485 1104 dieique
496 1028 596 1103 jubes,
612 1046 714 1095 unum,
730 1029 839 1105 optime
854 1046 970 1107 regum,

171 1122 306 1199 AdJ'icias
319 1141 328 1191 ;
350 1138 407 1179 nec
420 1129 451 1179 te
465 1121 555 1179 ullius
569 1121 711 1178 violentia
724 1123 834 1193 vincat,

173 1214 254 1284 Quin
269 1223 368 1274 natam
381 1215 506 1292 egregio
520 1232 633 1292 genero
648 1214 805 1293 dignisque
820 1216 983 1292 hymenaeis

171 1310 237 1370 Des
250 1320 346 1387 pater,
362 1318 391 1368 et
405 1326 510 1386 pacem
524 1309 601 1366 hanc
616 1316 728 1366 eterno
743 1309 856 1367 ioedere
871 1311 979 1370 firmes.

174 1404 263 1472 Quod
277 1405 302 1462 si
316 1412 417 1462 tantus
431 1403 521 1461 habet
536 1413 651 1461 mentes
664 1413 693 1461 ot
708 1412 831 1480 pectora
844 1413 951 1478 terror,

174 1498 274 1575 Ipsum
288 1499 480 1567 obtestemur,
497 1498 674 1573 veniamque
690 1517 808 1555 oremus
823 1501 861 1557 ab
876 1500 961 1576 ips03

176 1592 282 1663 Cedat,
295 1592 345 1668 jus
360 1591 509 1668 proprium
522 1590 588 1668 regi
603 1592 765 1669 patriasque
780 1593 920 1653 remittat.

175 1684 255 1754 Quid
269 1687 394 1744 miseros
407 1687 496 1743 toties
510 1686 538 1743 in
554 1693 657 1761 aperta
671 1686 805 1762 pericula
821 1674 903 1744 cives

174 1781 309 1856 Projicis,
325 1800 343 1837 o
356 1778 446 1837 Latio
460 1786 549 1856 caput
564 1779 667 1835 horum
682 1786 712 1835 et
725 1798 818 1836 causa
833 1779 976 1839 malorum
991 1778 1003 1836 i

175 1877 266 1937 Nulla
280 1876 361 1933 salus
375 1874 475 1931 bello:
499 1892 604 1950 pacem
618 1881 648 1930 te
663 1873 811 1948 poscimus
825 1892 941 1946 omnes,

175 1969 289 2040 Turne,
304 1967 390 2026 simul
406 1967 488 2042 pacis
502 1967 596 2024 solum
611 1965 781 2024 inviolabile
797 1967 914 2045 pignus.

174 2064 291 2124 Primus
305 2081 373 2139 ego,
391 2061 514 2118 invisum
530 2079 617 2136 quem
631 2068 663 2118 tu
677 2061 730 2117 tibi
745 2060 842 2138 tingis,
859 2069 889 2119 et
903 2079 971 2119 esse

175 2156 348 2225 illusores,
364 2175 411 2226 en,
428 2155 551 2231 supplex
565 2154 660 2213 venio.
703 2154 851 2212 Miserere
865 2163 1004 2226 tuorum3

175 2251 257 2311 Pone
273 2249 398 2318 animos,
414 2255 444 2304 et
458 2247 561 2323 pulsus
580 2247 638 2306 abi.
682 2249 733 2305 Sat
748 2247 854 2305 funera
868 2247 926 2306 iusi

107 2405 113 2414 ,
175 2345 321 2414 Vidimus,
337 2343 473 2419 ingentes
488 2349 517 2397 et
532 2341 732 2398 desolavimus
746 2360 845 2418 agros.

176 2441 246 2511 Aut,
263 2439 289 2496 ai
304 2438 381 2496 fama
394 2443 502 2505 movet,
519 2434 543 2492 si
557 2443 672 2492 tantum
686 2443 806 2511 pectore
821 2436 913 2494 robur

178 2531 331 2609 concipis,
347 2538 376 2588 et
391 2529 416 2587 si
432 2527 507 2586 aded
523 2526 630 2585 dotalis
644 2528 728 2605 regia
744 2528 825 2586 cordi
840 2537 897 2601 est,

178 2624 275 2697 Ande,
290 2637 380 2701 atque
395 2624 551 2680 adversum
566 2621 661 2679 fidens
675 2622 721 2679 ser
735 2630 838 2700 pectus
855 2623 885 2681 in
899 2623 1023 2683 hostem.

179 2722 308 2790 Scilicet,
325 2726 356 2776 ut
370 2718 472 2775 Turno
488 2717 640 2793 contingat
655 2717 740 2793 regia
754 2717 874 2794 conjux,

178 2815 251 2886 Nos,
269 2813 373 2870 animae
388 2811 472 2881 viles,
489 2809 641 2866 inhumata
656 2810 816 2886 infletaque
830 2813 930 2885 turba,

180 2910 351 2967 Sternamnr
365 2903 477 2979 campis
494 2905 500 2959 !
544 2902 583 2959 Et
594 2903 656 2979 jam
670 2911 712 2975 tu,
729 2904 754 2962 si
769 2924 829 2980 qua
842 2906 896 2963 tibi
911 2905 965 2977 vis,

180 3002 210 3061 Si
224 3001 310 3079 patrii
324 2998 394 3075 quid
409 2995 519 3055 Marsis
533 2996 637 3068 habes,
655 2997 736 3055 illum
751 2998 872 3076 adspice
888 2998 1004 3072 contri,

180 3092 351 3163 Quivocat.

216 3188 343 3245 Talibus
358 3186 468 3243 exarsit
483 3184 570 3241 dictis
584 3184 722 3242 violentia
738 3185 833 3243 Turni
848 3206 855 3255 ;

179 3280 239 3341 Dat
253 3282 406 3360 gemitum,
423 3279 589 3355 rumpitque
604 3278 659 3334 has
674 3279 731 3335 imo
746 3288 866 3355 pectore
881 3297 994 3337 voces:

179 3375 280 3455 Larga
294 3373 422 3451 quidem,
438 3372 574 3440 Drance,
590 3390 709 3447 semper
722 3371 774 3429 tibi
790 3373 875 3448 copia
890 3372 980 3442 sandi,

179 3469 256 3528 Tum
271 3487 360 3545 quum
374 3466 454 3524 bella
468 3482 573 3521 manus
588 3473 711 3539 poscunt
726 3484 733 3532 3
758 3464 951 3540 patribusque
966 3462 1080 3521 vocatis
1135 3483 1146 3504 ·

179 3562 296 3623 Primus
310 3562 391 3619 ades.
435 3558 494 3615 Sed
509 3577 567 3615 non
582 3557 725 3633 replenda
739 3567 784 3614 est
800 3557 883 3614 curia
898 3555 1007 3628 verbis,
1109 3556 1168 3615 380

181 3658 257 3725 Quas
270 3654 334 3714 tutd
348 3653 401 3711 tibi
416 3671 525 3729 magna
538 3651 649 3719 volant,
666 3651 734 3707 dum
750 3650 867 3707 distinet
882 3650 997 3708 hostem

182 3753 283 3829 Agger
296 3767 459 3816 murorum,
477 3764 533 3802 nec
547 3744 689 3802 inundant
704 3744 849 3822 sanguine
865 3744 962 3802 sossae.

181 3842 307 3902 Proinde
322 3850 392 3898 tona
406 3839 534 3915 eloquio,
551 3839 669 3895 solitum
683 3837 735 3896 tibi
751 3859 757 3907 ;
783 3857 888 3913 meque
903 3838 1017 3896 timoris

182 3938 340 4014 Anguem,
360 3934 495 4004 Drance,
513 3933 631 4008 quando
643 3940 686 3989 tot
701 3932 810 4009 stragis
824 3950 950 3990 acervos

181 4028 368 4087 Teucrorum
380 4037 433 4084 tua
447 4027 551 4086 dextra
565 4026 655 4096 dedit,
670 4027 838 4103 passimque
853 4025 973 4103 tropaeis
1109 4024 1168 4083 886

183 4122 311 4202 Insignis
326 4142 424 4199 agros.
466 4120 565 4178 Possit
582 4120 650 4196 quid
665 4121 763 4177 vivida
777 4121 881 4191 virtus,

183 4215 347 4294 Experiere
361 4217 451 4273 licet:
475 4235 532 4272 nec
545 4214 633 4292 longd
649 4214 764 4272 scilicet
780 4215 881 4271 hostes

92 4296 95 4303 Ι
184 4311 345 4378 Quaerendi
359 4310 444 4367 nobis
460 4329 467 4378 ;
491 4310 684 4367 circumstant
699 4309 828 4384 undique
843 4327 952 4367 muros.

184 4403 263 4463 lmus
277 4405 307 4462 in
323 4403 490 4461 adversos?
533 4402 613 4469 Quid
628 4421 731 4459 cessas
748 4402 758 4457 i
780 4422 816 4459 an
832 4403 884 4459 tibi
899 4401 1022 4461 Mavors

183 4494 319 4555 ventosi
332 4498 361 4554 in
376 4495 478 4575 lingui
492 4497 675 4575 pedibusque
690 4496 847 4574 fugacibus
862 4495 926 4553 istis
1108 4493 1168 4550 390

186 4591 308 4669 Semper
321 4590 401 4648 erit?
