2692 5122
177 383 238 441 ιω
469 377 495 423 r.
509 374 679 423 vmornn
702 372 876 423 ainosis

178 515 322 594 Archippi
336 515 417 593 regis
430 515 532 585 missu,
547 514 723 573 fortissimus
736 513 866 573 Umbro:

178 610 309 687 Vipereo
323 610 428 687 generi
441 618 470 666 et
484 608 617 687 graviter
630 607 810 685 spirantibus
824 604 926 683 hydris

179 706 329 783 Spargere
344 704 394 780 qui
408 721 527 761 somnos
541 709 692 778 cantuque
705 700 854 777 manuque
868 699 994 769 solebat,

177 797 392 873 Mulcebatquc
407 797 478 867 uas,
492 805 521 853 et
535 814 651 853 morsus
665 803 729 853 arte
743 795 872 852 levabat.
1101 794 1163 855 ‘lffl

179 890 238 949 Sed
252 909 311 948 nou
324 889 488 948 Dardanias
501 888 644 947 medicari
658 888 788 965 cuspidis
802 889 893 947 ictum

177 983 298 1042 Evaluit
312 1003 320 1053 ;
344 1002 442 1060 neque
456 1002 524 1041 eum
533 979 641 1058 juvere
655 983 685 1039 in
698 982 823 1040 vulnera
836 988 944 1040 cantus

178 1076 345 1148 Somniseri,
362 1085 392 1134 et
405 1076 516 1134 Marsis
530 1075 662 1152 qumsitte
676 1076 824 1134 montibus
837 1076 948 1134 herbae.

177 1168 223 1229 Te
237 1189 341 1228 nemus
355 1169 515 1247 Angustias,
532 1167 628 1228 vitrei
639 1176 670 1227 te
684 1169 817 1227 Fucinus
832 1167 922 1240 unde,

175 1264 222 1324 Te
236 1265 340 1342 liquidi
353 1263 463 1325 flevere
477 1266 571 1324 lacus.
1098 1264 1160 1325 'ibo

216 1357 282 1417 Ibat
297 1369 326 1418 et
339 1358 496 1437 Hippolyti
509 1359 608 1437 proles
622 1357 820 1436 pulcherrima
833 1357 912 1415 bello

176 1452 299 1512 Virbius
312 1471 320 1522 ;
345 1453 491 1530 insignem
506 1471 593 1529 quem
607 1460 701 1509 mater
713 1451 818 1510 Aricia
831 1450 921 1522 misit,

140 1554 144 1569 “
175 1548 326 1608 Eductam
339 1547 460 1625 Egeriae
474 1547 559 1618 lucis,
576 1547 727 1604 humentia
741 1547 853 1603 circum

175 1640 301 1711 Littora,
318 1640 436 1718 pinguis
450 1641 501 1698 ubi
515 1648 544 1697 et
559 1639 713 1716 placabilis
727 1658 780 1696 ara
793 1638 912 1698 Dianae.

175 1733 315 1809 Namque
329 1734 427 1791 serunt
441 1732 521 1791 sama
534 1732 738 1809 Hippolytum,
755 1740 911 1808 postquam
924 1738 989 1791 arte
1002 1746 1142 1792 novem

176 1826 339 1898 Occiderit,
355 1826 525 1904 patriasque
539 1824 664 1903 explerit
678 1826 823 1902 sanguine
838 1844 943 1902 poenss
1100 1827 1157 1884 m

175 1922 317 1979 Turbatis
331 1922 490 1979 distractus
504 1923 599 1996 equis,
615 1920 653 1978 ad
667 1921 766 1978 sidera
780 1940 884 1979 rursus

175 2015 317 2073 AEtheria
330 2023 359 2072 et
374 2033 500 2092 superas
513 2014 582 2072 coeli
597 2014 714 2071 venisse
729 2017 783 2071 sub
801 2032 901 2084 auras,

175 2106 305 2165 Pmouiis
319 2116 491 2166 revocatum
504 2106 605 2164 herbis
618 2116 648 2163 et
662 2125 761 2163 amore
774 2106 895 2165 Dianae.

175 2199 254 2258 Tum
268 2200 358 2258 Pater
372 2201 566 2276 omnipotens,
584 2199 713 2274 aliquem
726 2199 896 2276 indignatus
909 2199 948 2257 ab
963 2197 1075 2258 umbris
1098 2198 1157 2258 'tto

175 2292 334 2350 Mortalem
348 2292 470 2349 infernis
485 2291 521 2348 ad
537 2292 647 2348 lumina
661 2310 785 2369 surgere
800 2292 879 2364 vitm,

176 2384 244 2461 Ipse
259 2393 443 2461 repertorem
454 2383 607 2441 medicinae
622 2385 689 2442 talis
702 2396 731 2442 ct
746 2385 818 2442 artis

175 2476 312 2534 Fulmine
326 2475 542 2553 Phoebigenam
557 2477 676 2554 Stygias
691 2478 814 2535 detrusit
829 2478 866 2536 ad
881 2477 985 2537 undas.

176 2568 217 2626 At
230 2568 335 2625 Trivia
347 2568 543 2645 Hippolytum
557 2571 681 2627 secretis
693 2570 770 2628 alma
786 2571 922 2630 recondit

176 2662 313 2732 Sedibus,
330 2671 357 2719 et
372 2664 508 2739 nymphae
522 2663 643 2741 Egeriae
657 2667 829 2742 nemorique
844 2668 978 2745 relegat;
1099 2664 1158 2723 'l'lb

177 2755 265 2813 Solus
280 2757 329 2814 ubi
344 2757 373 2814 in
387 2757 469 2813 silvis
484 2756 567 2814 Italis
581 2757 719 2834 ignobilis
734 2778 829 2817 aevum

175 2849 330 2928 Exigeret,
347 2868 492 2925 versoque
507 2850 557 2907 ubi
572 2851 688 2908 nomine
701 2852 825 2910 Virbius
839 2860 927 2913 esset.

175 2942 261 3001 Unde
276 2944 365 3001 etiam
378 2944 487 3020 templo
500 2943 612 3002 Triviae
626 2945 761 3019 lucisque
775 2947 904 3005 sacratis

176 3035 363 3114 Cornipedes
377 3045 516 3094 arcentur
529 3038 599 3113 equi
613 3057 620 3105 ;
648 3037 727 3114 qudd
741 3040 837 3096 littore
851 3058 972 3097 currum

175 3129 215 3187 Et
226 3130 366 3205 juvenem
381 3131 518 3188 monstris
533 3131 630 3207 pavidi
644 3129 776 3190 effudere
791 3133 923 3192 marinis.
1102 3130 1157 3191 '180

175 3222 270 3280 Filius
285 3223 422 3281 ardentes
437 3223 514 3280 haud
530 3225 628 3282 secius
643 3244 763 3300 aequore
777 3226 874 3303 campi

176 3315 347 3373 Exercebat
362 3335 465 3391 equos,
482 3336 630 3393 curruque
646 3319 674 3375 in
690 3319 769 3376 bella
782 3320 899 3377 ruebat.

216 3408 284 3484 Ipse
299 3409 375 3466 inter
389 3409 497 3484 primos
512 3411 662 3484 praestunti
677 3431 800 3489 corpore
813 3413 936 3471 Turnus

177 3500 324 3573 Vertitur,
341 3523 422 3560 arma
437 3513 552 3574 tenens,
569 3514 598 3562 et
612 3514 674 3562 toto
687 3507 799 3565 vertice
814 3509 906 3585 suprd
919 3517 974 3567 est.

177 3595 238 3655 Oui
250 3596 358 3672 triplici
373 3597 479 3654 crinita
489 3596 564 3672 juba
576 3599 664 3675 galea
677 3599 738 3656 alta
752 3601 934 3660 Chimaeram
1102 3600 1159 3660 ’Μ

177 3690 318 3759 Sustinet,
334 3691 474 3747 AEtumos
488 3691 636 3748 efflantem
651 3692 787 3752 saucibus
801 3695 906 3772 ignes:

176 3782 254 3840 Tam
268 3782 363 3860 magis
377 3783 427 3840 illa
442 3783 571 3842 fremens
584 3794 614 3842 et
630 3785 764 3844 tristibus
778 3789 870 3847 effera
885 3787 1020 3862 flammis,

177 3872 278 3946 Quam
291 3875 386 3953 magis
400 3876 495 3934 effuso
509 3878 688 3936 crudescunt
703 3882 849 3958 sanguine
864 3900 981 3960 pugna.

177 3969 217 4026 At
228 3968 323 4027 levem
338 3969 474 4047 clypeum
488 3972 612 4029 sublatis
626 3973 765 4031 cornibus
780 3975 814 4032 lo

177 4063 260 4121 Auro
274 4062 443 4140 insignibat,
456 4063 520 4139 jam
532 4066 604 4123 setis
618 4067 724 4138 obsita,
737 4068 878 4143 jambos,
1103 4064 1159 4127 ⁷90

177 4157 395 4234 Argumentum
408 4157 524 4236 ingens,
540 4167 568 4218 et
582 4169 683 4220 custos
696 4161 820 4240 virginis
832 4162 947 4241 Argus,
