<?xml version="1.0" encoding="UTF-8"?>
<!DOCTYPE html PUBLIC "-//W3C//DTD XHTML 1.0 Transitional//EN"
    "http://www.w3.org/TR/xhtml1/DTD/xhtml1-transitional.dtd">
<html xmlns="http://www.w3.org/1999/xhtml" xml:lang="en" lang="en">
 <head>
  <title>
</title>
<meta http-equiv="Content-Type" content="text/html;charset=utf-8" />
  <meta name='ocr-system' content='tesseract 3.04.00' />
  <meta name='ocr-capabilities' content='ocr_page ocr_carea ocr_par ocr_line ocrx_word'/>
</head>
<body>
  <div class='ocr_page' id='page_1' title='image "./pvirgiliimaroni00bowegoog/pvirgiliimaroni00bowegoog_0197.png"; bbox 0 0 2692 5122; ppageno 0'>
   <div class='ocr_carea' id='block_1_1' title="bbox 180 379 873 442">
    <p class='ocr_par' dir='ltr' id='par_1_1' title="bbox 180 379 873 442">
     <span class='ocr_line' id='line_1_1' title="bbox 180 379 873 442; baseline 0.006 -18"><span class='ocrx_word' id='word_1_1' title='bbox 180 384 234 442; x_wconf 74' lang='lat'><strong>186</strong></span> <span class='ocrx_word' id='word_1_2' title='bbox 464 379 491 426; x_wconf 83' lang='lat' dir='ltr'><strong>r.</strong></span> <span class='ocrx_word' id='word_1_3' title='bbox 514 380 677 427; x_wconf 75' lang='lat' dir='ltr'><strong>vinorum</strong></span> <span class='ocrx_word' id='word_1_4' title='bbox 699 379 873 429; x_wconf 73' lang='lat' dir='ltr'><strong>uenenis</strong></span> 
     </span>
    </p>
   </div>
   <div class='ocr_carea' id='block_1_2' title="bbox 176 517 1165 2551">
    <p class='ocr_par' dir='ltr' id='par_1_2' title="bbox 176 517 1165 2551">
     <span class='ocr_line' id='line_1_2' title="bbox 178 517 568 597; baseline 0.008 -23"><span class='ocrx_word' id='word_1_5' title='bbox 178 517 212 576; x_wconf 94' lang='lat' dir='ltr'><strong>ln</strong></span> <span class='ocrx_word' id='word_1_6' title='bbox 226 518 328 597; x_wconf 85' lang='lat' dir='ltr'><strong>regnis</strong></span> <span class='ocrx_word' id='word_1_7' title='bbox 341 518 398 576; x_wconf 87' lang='lat' dir='ltr'><strong>hoc</strong></span> <span class='ocrx_word' id='word_1_8' title='bbox 413 536 487 576; x_wconf 89' lang='lat' dir='ltr'><strong>ausa</strong></span> <span class='ocrx_word' id='word_1_9' title='bbox 499 518 568 578; x_wconf 85' lang='lat' dir='ltr'><strong>tuis.</strong></span> 
     </span>
     <span class='ocr_line' id='line_1_3' title="bbox 176 609 941 686; baseline -0.004 -15"><span class='ocrx_word' id='word_1_10' title='bbox 176 613 237 671; x_wconf 89' lang='lat' dir='ltr'><strong>Per</strong></span> <span class='ocrx_word' id='word_1_11' title='bbox 251 613 350 669; x_wconf 85' lang='lat' dir='ltr'><strong>scelus</strong></span> <span class='ocrx_word' id='word_1_12' title='bbox 363 631 436 670; x_wconf 87' lang='lat' dir='ltr'><strong>ecce</strong></span> <span class='ocrx_word' id='word_1_13' title='bbox 452 613 541 683; x_wconf 84' lang='lat' dir='ltr'><strong>etiam</strong></span> <span class='ocrx_word' id='word_1_14' title='bbox 554 610 694 686; x_wconf 86' lang='lat' dir='ltr'><strong>Trojanie</strong></span> <span class='ocrx_word' id='word_1_15' title='bbox 708 613 852 670; x_wconf 82' lang='lat' dir='ltr'><strong>matribus</strong></span> <span class='ocrx_word' id='word_1_16' title='bbox 866 609 941 669; x_wconf 86' lang='lat' dir='ltr'><strong>actia</strong></span> 
     </span>
     <span class='ocr_line' id='line_1_4' title="bbox 177 704 821 782; baseline -0.003 -19"><span class='ocrx_word' id='word_1_17' title='bbox 177 705 300 763; x_wconf 80' lang='lat' dir='ltr'><strong>Exuseit</strong></span> <span class='ocrx_word' id='word_1_18' title='bbox 315 704 392 762; x_wconf 76' lang='lat' dir='ltr'><strong>fode</strong></span> <span class='ocrx_word' id='word_1_19' title='bbox 409 724 531 781; x_wconf 86' lang='lat' dir='ltr'><strong>puppes,</strong></span> <span class='ocrx_word' id='word_1_20' title='bbox 547 712 576 762; x_wconf 92' lang='lat' dir='ltr'><strong>et</strong></span> <span class='ocrx_word' id='word_1_21' title='bbox 591 706 688 763; x_wconf 82' lang='lat' dir='ltr'><strong>classe</strong></span> <span class='ocrx_word' id='word_1_22' title='bbox 703 704 821 782; x_wconf 83' lang='lat' dir='ltr'><strong>subegit</strong></span> 
     </span>
     <span class='ocr_line' id='line_1_5' title="bbox 177 796 1164 874; baseline 0.001 -18"><span class='ocrx_word' id='word_1_23' title='bbox 177 797 297 857; x_wconf 67' lang='lat' dir='ltr'><strong>Amissa</strong></span> <span class='ocrx_word' id='word_1_24' title='bbox 312 799 408 856; x_wconf 87' lang='lat' dir='ltr'><strong>socios</strong></span> <span class='ocrx_word' id='word_1_25' title='bbox 423 799 530 874; x_wconf 87' lang='lat' dir='ltr'><strong>ignotae</strong></span> <span class='ocrx_word' id='word_1_26' title='bbox 545 799 680 874; x_wconf 86' lang='lat' dir='ltr'><strong>linquere</strong></span> <span class='ocrx_word' id='word_1_27' title='bbox 694 806 793 856; x_wconf 78' lang='lat' dir='ltr'><strong>terrm.</strong></span> <span class='ocrx_word' id='word_1_28' title='bbox 1104 796 1164 857; x_wconf 72' lang='lat'><strong>⁷96</strong></span> 
     </span>
     <span class='ocr_line' id='line_1_6' title="bbox 179 889 955 968; baseline -0.003 -19"><span class='ocrx_word' id='word_1_29' title='bbox 179 890 267 958; x_wconf 76' lang='lat' dir='ltr'><strong>Quod</strong></span> <span class='ocrx_word' id='word_1_30' title='bbox 282 901 430 968; x_wconf 87' lang='lat' dir='ltr'><strong>superest,</strong></span> <span class='ocrx_word' id='word_1_31' title='bbox 446 911 509 961; x_wconf 90' lang='lat' dir='ltr'><strong>oro,</strong></span> <span class='ocrx_word' id='word_1_32' title='bbox 526 892 615 948; x_wconf 91' lang='lat' dir='ltr'><strong>liceat</strong></span> <span class='ocrx_word' id='word_1_33' title='bbox 629 892 700 949; x_wconf 87' lang='lat' dir='ltr'><strong>dare</strong></span> <span class='ocrx_word' id='word_1_34' title='bbox 714 900 779 948; x_wconf 91' lang='lat' dir='ltr'><strong>tuta</strong></span> <span class='ocrx_word' id='word_1_35' title='bbox 793 909 846 967; x_wconf 93' lang='lat' dir='ltr'><strong>per</strong></span> <span class='ocrx_word' id='word_1_36' title='bbox 860 889 955 948; x_wconf 83' lang='lat' dir='ltr'><strong>undas</strong></span> 
     </span>
     <span class='ocr_line' id='line_1_7' title="bbox 177 982 976 1061; baseline 0 -21"><span class='ocrx_word' id='word_1_37' title='bbox 177 983 256 1041; x_wconf 87' lang='lat' dir='ltr'><strong>Vela</strong></span> <span class='ocrx_word' id='word_1_38' title='bbox 270 984 321 1041; x_wconf 87' lang='lat' dir='ltr'><strong>tibi</strong></span> <span class='ocrx_word' id='word_1_39' title='bbox 336 1003 343 1054; x_wconf 73' lang='grc' dir='ltr'>ς</span> <span class='ocrx_word' id='word_1_40' title='bbox 368 985 458 1041; x_wconf 85' lang='lat' dir='ltr'><strong>liceat</strong></span> <span class='ocrx_word' id='word_1_41' title='bbox 471 983 654 1042; x_wconf 80' lang='lat' dir='ltr'><strong>Laurentem</strong></span> <span class='ocrx_word' id='word_1_42' title='bbox 669 984 813 1061; x_wconf 84' lang='lat' dir='ltr'><strong>attingere</strong></span> <span class='ocrx_word' id='word_1_43' title='bbox 827 982 953 1059; x_wconf 89' lang='lat' dir='ltr'><strong>Tybrim</strong></span> <span class='ocrx_word' id='word_1_44' title='bbox 967 1001 976 1052; x_wconf 91' lang='lat'>;</span> 
     </span>
     <span class='ocr_line' id='line_1_8' title="bbox 179 1077 891 1153; baseline 0 -18"><span class='ocrx_word' id='word_1_45' title='bbox 179 1078 211 1135; x_wconf 91' lang='lat' dir='ltr'><strong>Si</strong></span> <span class='ocrx_word' id='word_1_46' title='bbox 224 1097 369 1135; x_wconf 88' lang='lat' dir='ltr'><strong>concessa</strong></span> <span class='ocrx_word' id='word_1_47' title='bbox 383 1086 461 1153; x_wconf 90' lang='lat' dir='ltr'><strong>peto,</strong></span> <span class='ocrx_word' id='word_1_48' title='bbox 478 1078 503 1134; x_wconf 86' lang='lat' dir='ltr'><strong>ei</strong></span> <span class='ocrx_word' id='word_1_49' title='bbox 518 1077 586 1134; x_wconf 91' lang='lat' dir='ltr'><strong>dant</strong></span> <span class='ocrx_word' id='word_1_50' title='bbox 601 1097 638 1134; x_wconf 90' lang='lat' dir='ltr'><strong>ea</strong></span> <span class='ocrx_word' id='word_1_51' title='bbox 651 1078 762 1135; x_wconf 89' lang='lat' dir='ltr'><strong>moenia</strong></span> <span class='ocrx_word' id='word_1_52' title='bbox 774 1077 891 1135; x_wconf 80' lang='lat' dir='ltr'><strong>Parcae.</strong></span> 
     </span>
     <span class='ocr_line' id='line_1_9' title="bbox 216 1168 980 1227; baseline -0.001 0"><span class='ocrx_word' id='word_1_53' title='bbox 216 1170 296 1227; x_wconf 90' lang='lat' dir='ltr'><strong>Tum</strong></span> <span class='ocrx_word' id='word_1_54' title='bbox 310 1169 467 1226; x_wconf 84' lang='lat' dir='ltr'><strong>Saturnius</strong></span> <span class='ocrx_word' id='word_1_55' title='bbox 481 1170 545 1226; x_wconf 85' lang='lat' dir='ltr'><strong>haec</strong></span> <span class='ocrx_word' id='word_1_56' title='bbox 561 1170 685 1227; x_wconf 85' lang='lat' dir='ltr'><strong>domitor</strong></span> <span class='ocrx_word' id='word_1_57' title='bbox 699 1170 789 1226; x_wconf 84' lang='lat' dir='ltr'><strong>maria</strong></span> <span class='ocrx_word' id='word_1_58' title='bbox 803 1169 893 1226; x_wconf 87' lang='lat' dir='ltr'><strong>edidit</strong></span> <span class='ocrx_word' id='word_1_59' title='bbox 908 1168 980 1226; x_wconf 88' lang='lat' dir='ltr'><strong>alti:</strong></span> 
     </span>
     <span class='ocr_line' id='line_1_10' title="bbox 177 1260 1165 1339; baseline 0.001 -19"><span class='ocrx_word' id='word_1_60' title='bbox 177 1260 239 1320; x_wconf 85' lang='lat' dir='ltr'><strong>Fas</strong></span> <span class='ocrx_word' id='word_1_61' title='bbox 254 1281 340 1320; x_wconf 92' lang='lat' dir='ltr'><strong>omne</strong></span> <span class='ocrx_word' id='word_1_62' title='bbox 355 1271 410 1332; x_wconf 85' lang='lat' dir='ltr'><strong>est,</strong></span> <span class='ocrx_word' id='word_1_63' title='bbox 428 1261 592 1338; x_wconf 82' lang='lat' dir='ltr'>Cytherea,</span> <span class='ocrx_word' id='word_1_64' title='bbox 608 1263 681 1319; x_wconf 89' lang='lat' dir='ltr'><strong>meis</strong></span> <span class='ocrx_word' id='word_1_65' title='bbox 695 1270 724 1318; x_wconf 92' lang='lat' dir='ltr'><strong>te</strong></span> <span class='ocrx_word' id='word_1_66' title='bbox 739 1261 831 1319; x_wconf 87' lang='lat' dir='ltr'><strong>fidere</strong></span> <span class='ocrx_word' id='word_1_67' title='bbox 845 1263 958 1339; x_wconf 85' lang='lat' dir='ltr'><strong>regnis,</strong></span> <span class='ocrx_word' id='word_1_68' title='bbox 1104 1262 1165 1321; x_wconf 91' lang='grc'><strong>800</strong></span> 
     </span>
     <span class='ocr_line' id='line_1_11' title="bbox 177 1354 1006 1431; baseline 0 -19"><span class='ocrx_word' id='word_1_69' title='bbox 177 1354 264 1412; x_wconf 90' lang='lat' dir='ltr'><strong>Unde</strong></span> <span class='ocrx_word' id='word_1_70' title='bbox 278 1375 374 1431; x_wconf 83' lang='lat' dir='ltr'><strong>genus</strong></span> <span class='ocrx_word' id='word_1_71' title='bbox 388 1355 492 1412; x_wconf 85' lang='lat' dir='ltr'><strong>ducis:</strong></span> <span class='ocrx_word' id='word_1_72' title='bbox 516 1355 611 1412; x_wconf 90' lang='lat' dir='ltr'><strong>merui</strong></span> <span class='ocrx_word' id='word_1_73' title='bbox 631 1374 771 1430; x_wconf 89' lang='lat' dir='ltr'><strong>quoque;</strong></span> <span class='ocrx_word' id='word_1_74' title='bbox 795 1355 874 1431; x_wconf 77' lang='lat' dir='ltr'><strong>saepe</strong></span> <span class='ocrx_word' id='word_1_75' title='bbox 890 1355 1006 1413; x_wconf 85' lang='lat' dir='ltr'><strong>furores</strong></span> 
     </span>
     <span class='ocr_line' id='line_1_12' title="bbox 179 1447 967 1524; baseline 0 -18"><span class='ocrx_word' id='word_1_76' title='bbox 179 1447 353 1524; x_wconf 88' lang='lat' dir='ltr'><strong>Compressi</strong></span> <span class='ocrx_word' id='word_1_77' title='bbox 367 1458 396 1505; x_wconf 87' lang='lat' dir='ltr'><strong>et</strong></span> <span class='ocrx_word' id='word_1_78' title='bbox 411 1449 524 1505; x_wconf 82' lang='lat' dir='ltr'><strong>rabiem</strong></span> <span class='ocrx_word' id='word_1_79' title='bbox 538 1456 649 1505; x_wconf 78' lang='lat' dir='ltr'><strong>tantam</strong></span> <span class='ocrx_word' id='word_1_80' title='bbox 664 1449 793 1523; x_wconf 86' lang='lat' dir='ltr'><strong>coelique</strong></span> <span class='ocrx_word' id='word_1_81' title='bbox 808 1449 967 1524; x_wconf 88' lang='lat' dir='ltr'><strong>marisque.</strong></span> 
     </span>
     <span class='ocr_line' id='line_1_13' title="bbox 178 1540 1024 1616; baseline 0.001 -18"><span class='ocrx_word' id='word_1_82' title='bbox 178 1540 207 1598; x_wconf 91' lang='lat' dir='ltr'>N</span> <span class='ocrx_word' id='word_1_83' title='bbox 210 1560 245 1598; x_wconf 92' lang='lat' dir='ltr'><strong>ec</strong></span> <span class='ocrx_word' id='word_1_84' title='bbox 260 1541 355 1598; x_wconf 92' lang='lat' dir='ltr'><strong>minor</strong></span> <span class='ocrx_word' id='word_1_85' title='bbox 369 1542 398 1597; x_wconf 93' lang='lat' dir='ltr'><strong>in</strong></span> <span class='ocrx_word' id='word_1_86' title='bbox 412 1541 510 1610; x_wconf 85' lang='lat' dir='ltr'><strong>terris,</strong></span> <span class='ocrx_word' id='word_1_87' title='bbox 526 1541 679 1598; x_wconf 89' lang='lat' dir='ltr'><strong>Xanthum</strong></span> <span class='ocrx_word' id='word_1_88' title='bbox 695 1542 905 1616; x_wconf 73' lang='lat' dir='ltr'><strong>Simoentaque</strong></span> <span class='ocrx_word' id='word_1_89' title='bbox 919 1550 1024 1615; x_wconf 83' lang='lat' dir='ltr'><strong>testor,</strong></span> 
     </span>
     <span class='ocr_line' id='line_1_14' title="bbox 178 1633 926 1700; baseline 0 -9"><span class='ocrx_word' id='word_1_90' title='bbox 178 1633 288 1691; x_wconf 86' lang='lat' dir='ltr'><strong>AEneae</strong></span> <span class='ocrx_word' id='word_1_91' title='bbox 304 1634 373 1690; x_wconf 92' lang='lat' dir='ltr'><strong>mihi</strong></span> <span class='ocrx_word' id='word_1_92' title='bbox 388 1653 462 1691; x_wconf 91' lang='lat' dir='ltr'><strong>cura</strong></span> <span class='ocrx_word' id='word_1_93' title='bbox 475 1634 526 1691; x_wconf 87' lang='lat' dir='ltr'><strong>tui.</strong></span> <span class='ocrx_word' id='word_1_94' title='bbox 570 1633 671 1700; x_wconf 79' lang='lat' dir='ltr'><strong>Quum</strong></span> <span class='ocrx_word' id='word_1_95' title='bbox 684 1633 779 1691; x_wconf 90' lang='lat' dir='ltr'><strong>Troia</strong></span> <span class='ocrx_word' id='word_1_96' title='bbox 792 1633 926 1692; x_wconf 84' lang='lat' dir='ltr'><strong>Achilles</strong></span> 
     </span>
     <span class='ocr_line' id='line_1_15' title="bbox 177 1725 1163 1805; baseline 0.003 -21"><span class='ocrx_word' id='word_1_97' title='bbox 177 1725 356 1785; x_wconf 84' lang='lat' dir='ltr'><strong>Exanimata</strong></span> <span class='ocrx_word' id='word_1_98' title='bbox 370 1745 499 1802; x_wconf 88' lang='lat' dir='ltr'><strong>sequens</strong></span> <span class='ocrx_word' id='word_1_99' title='bbox 513 1727 689 1804; x_wconf 85' lang='lat' dir='ltr'><strong>impingeret</strong></span> <span class='ocrx_word' id='word_1_100' title='bbox 704 1728 823 1805; x_wconf 86' lang='lat' dir='ltr'><strong>agmina</strong></span> <span class='ocrx_word' id='word_1_101' title='bbox 842 1728 944 1799; x_wconf 87' lang='lat' dir='ltr'><strong>muris,</strong></span> <span class='ocrx_word' id='word_1_102' title='bbox 1105 1728 1163 1787; x_wconf 79' lang='grc'><strong>808</strong></span> 
     </span>
     <span class='ocr_line' id='line_1_16' title="bbox 178 1819 910 1897; baseline 0.003 -21"><span class='ocrx_word' id='word_1_103' title='bbox 178 1819 275 1877; x_wconf 92' lang='lat' dir='ltr'><strong>Millia</strong></span> <span class='ocrx_word' id='word_1_104' title='bbox 287 1822 382 1877; x_wconf 89' lang='lat' dir='ltr'><strong>multa&#39;</strong></span> <span class='ocrx_word' id='word_1_105' title='bbox 392 1820 476 1878; x_wconf 89' lang='lat' dir='ltr'><strong>daret</strong></span> <span class='ocrx_word' id='word_1_106' title='bbox 491 1822 560 1891; x_wconf 92' lang='lat' dir='ltr'><strong>leto,</strong></span> <span class='ocrx_word' id='word_1_107' title='bbox 576 1831 790 1897; x_wconf 84' lang='lat' dir='ltr'><strong>gemerentque</strong></span> <span class='ocrx_word' id='word_1_108' title='bbox 804 1821 910 1897; x_wconf 89' lang='lat' dir='ltr'><strong>repleti</strong></span> 
     </span>
     <span class='ocr_line' id='line_1_17' title="bbox 178 1914 984 1990; baseline 0 -18"><span class='ocrx_word' id='word_1_109' title='bbox 178 1914 301 1984; x_wconf 86' lang='lat' dir='ltr'><strong>Amnes,</strong></span> <span class='ocrx_word' id='word_1_110' title='bbox 318 1933 373 1971; x_wconf 90' lang='lat' dir='ltr'><strong>nec</strong></span> <span class='ocrx_word' id='word_1_111' title='bbox 388 1915 520 1990; x_wconf 91' lang='lat' dir='ltr'><strong>reperire</strong></span> <span class='ocrx_word' id='word_1_112' title='bbox 535 1915 612 1971; x_wconf 86' lang='lat' dir='ltr'><strong>viam</strong></span> <span class='ocrx_word' id='word_1_113' title='bbox 627 1924 716 1989; x_wconf 91' lang='lat' dir='ltr'><strong>atque</strong></span> <span class='ocrx_word' id='word_1_114' title='bbox 732 1915 869 1971; x_wconf 83' lang='lat' dir='ltr'><strong>evolvere</strong></span> <span class='ocrx_word' id='word_1_115' title='bbox 884 1922 984 1990; x_wconf 86' lang='lat' dir='ltr'><strong>posset</strong></span> 
     </span>
     <span class='ocr_line' id='line_1_18' title="bbox 179 2005 908 2084; baseline 0 -21"><span class='ocrx_word' id='word_1_116' title='bbox 179 2005 214 2064; x_wconf 93' lang='lat' dir='ltr'><strong>ln</strong></span> <span class='ocrx_word' id='word_1_117' title='bbox 228 2026 310 2064; x_wconf 90' lang='lat' dir='ltr'><strong>mere</strong></span> <span class='ocrx_word' id='word_1_118' title='bbox 325 2027 357 2064; x_wconf 91' lang='lat' dir='ltr'><strong>se</strong></span> <span class='ocrx_word' id='word_1_119' title='bbox 372 2007 511 2064; x_wconf 87' lang='lat' dir='ltr'><strong>Xanthus</strong></span> <span class='ocrx_word' id='word_1_120' title='bbox 526 2027 533 2077; x_wconf 90' lang='lat'>;</span> <span class='ocrx_word' id='word_1_121' title='bbox 556 2008 669 2065; x_wconf 73' lang='lat' dir='ltr'><strong>Pelidae</strong></span> <span class='ocrx_word' id='word_1_122' title='bbox 683 2017 754 2064; x_wconf 87' lang='lat' dir='ltr'><strong>tunc</strong></span> <span class='ocrx_word' id='word_1_123' title='bbox 769 2027 826 2084; x_wconf 91' lang='lat' dir='ltr'><strong>ego</strong></span> <span class='ocrx_word' id='word_1_124' title='bbox 840 2006 908 2064; x_wconf 85' lang='lat' dir='ltr'><strong>sorti</strong></span> 
     </span>
     <span class='ocr_line' id='line_1_19' title="bbox 179 2098 981 2178; baseline -0.004 -19"><span class='ocrx_word' id='word_1_125' title='bbox 179 2098 383 2178; x_wconf 77' lang='lat' dir='ltr'><strong>congressum</strong></span> <span class='ocrx_word' id='word_1_126' title='bbox 397 2102 533 2173; x_wconf 86' lang='lat' dir='ltr'><strong>AEnean,</strong></span> <span class='ocrx_word' id='word_1_127' title='bbox 549 2121 606 2159; x_wconf 90' lang='lat' dir='ltr'><strong>nec</strong></span> <span class='ocrx_word' id='word_1_128' title='bbox 620 2101 666 2158; x_wconf 88' lang='lat' dir='ltr'><strong>dis</strong></span> <span class='ocrx_word' id='word_1_129' title='bbox 680 2121 737 2158; x_wconf 89' lang='lat' dir='ltr'><strong>neo</strong></span> <span class='ocrx_word' id='word_1_130' title='bbox 751 2100 863 2158; x_wconf 85' lang='lat' dir='ltr'><strong>viribus</strong></span> <span class='ocrx_word' id='word_1_131' title='bbox 877 2098 981 2175; x_wconf 82' lang='lat' dir='ltr'><strong>aequis,</strong></span> 
     </span>
     <span class='ocr_line' id='line_1_20' title="bbox 178 2193 1165 2271; baseline 0.002 -20"><span class='ocrx_word' id='word_1_132' title='bbox 178 2193 267 2251; x_wconf 87' lang='lat' dir='ltr'><strong>Nube</strong></span> <span class='ocrx_word' id='word_1_133' title='bbox 282 2193 359 2251; x_wconf 70' lang='lat' dir='ltr'><strong>cavei</strong></span> <span class='ocrx_word' id='word_1_134' title='bbox 374 2196 469 2271; x_wconf 86' lang='lat' dir='ltr'><strong>rapui,</strong></span> <span class='ocrx_word' id='word_1_135' title='bbox 486 2214 626 2271; x_wconf 88' lang='lat' dir='ltr'><strong>cuperem</strong></span> <span class='ocrx_word' id='word_1_136' title='bbox 640 2214 729 2270; x_wconf 92' lang='lat' dir='ltr'><strong>quum</strong></span> <span class='ocrx_word' id='word_1_137' title='bbox 744 2203 861 2251; x_wconf 86' lang='lat' dir='ltr'><strong>vertere</strong></span> <span class='ocrx_word' id='word_1_138' title='bbox 876 2196 914 2250; x_wconf 90' lang='lat' dir='ltr'><strong>ab</strong></span> <span class='ocrx_word' id='word_1_139' title='bbox 929 2193 987 2250; x_wconf 91' lang='lat' dir='ltr'><strong>imo</strong></span> <span class='ocrx_word' id='word_1_140' title='bbox 1106 2195 1165 2253; x_wconf 83' lang='grc'><strong>810</strong></span> 
     </span>
     <span class='ocr_line' id='line_1_21' title="bbox 179 2288 926 2365; baseline 0.004 -22"><span class='ocrx_word' id='word_1_141' title='bbox 179 2288 298 2344; x_wconf 87' lang='lat' dir='ltr'><strong>Structa</strong></span> <span class='ocrx_word' id='word_1_142' title='bbox 313 2290 538 2346; x_wconf 85' lang='lat' dir='ltr'><strong>meis&#39;manibus</strong></span> <span class='ocrx_word' id='word_1_143' title='bbox 553 2290 679 2365; x_wconf 70' lang='lat' dir='ltr'><strong>perjurae</strong></span> <span class='ocrx_word' id='word_1_144' title='bbox 694 2290 805 2346; x_wconf 86' lang='lat' dir='ltr'><strong>moenia</strong></span> <span class='ocrx_word' id='word_1_145' title='bbox 816 2289 926 2364; x_wconf 86' lang='lat' dir='ltr'><strong>Trojae.</strong></span> 
     </span>
     <span class='ocr_line' id='line_1_22' title="bbox 178 2380 1115 2459; baseline 0.004 -21"><span class='ocrx_word' id='word_1_146' title='bbox 178 2380 207 2438; x_wconf 92' lang='lat' dir='ltr'>N</span> <span class='ocrx_word' id='word_1_147' title='bbox 210 2400 268 2438; x_wconf 87' lang='lat' dir='ltr'><strong>unc</strong></span> <span class='ocrx_word' id='word_1_148' title='bbox 284 2402 401 2457; x_wconf 90' lang='lat' dir='ltr'><strong>quoque</strong></span> <span class='ocrx_word' id='word_1_149' title='bbox 416 2402 500 2440; x_wconf 90' lang='lat' dir='ltr'><strong>mens</strong></span> <span class='ocrx_word' id='word_1_150' title='bbox 514 2383 619 2440; x_wconf 88' lang='lat' dir='ltr'><strong>eadem</strong></span> <span class='ocrx_word' id='word_1_151' title='bbox 634 2392 745 2459; x_wconf 86' lang='lat' dir='ltr'><strong>perstat</strong></span> <span class='ocrx_word' id='word_1_152' title='bbox 762 2383 830 2439; x_wconf 91' lang='lat' dir='ltr'><strong>mihi</strong></span> <span class='ocrx_word' id='word_1_153' title='bbox 846 2402 854 2450; x_wconf 92' lang='lat'>;</span> <span class='ocrx_word' id='word_1_154' title='bbox 878 2383 955 2459; x_wconf 86' lang='lat' dir='ltr'><strong>pelle</strong></span> <span class='ocrx_word' id='word_1_155' title='bbox 968 2382 1115 2442; x_wconf 87' lang='lat' dir='ltr'><strong>timorem.</strong></span> 
     </span>
     <span class='ocr_line' id='line_1_23' title="bbox 177 2473 879 2551; baseline 0.006 -22"><span class='ocrx_word' id='word_1_156' title='bbox 177 2473 285 2543; x_wconf 89' lang='lat' dir='ltr'><strong>Tutus,</strong></span> <span class='ocrx_word' id='word_1_157' title='bbox 304 2495 377 2549; x_wconf 88' lang='lat' dir='ltr'><strong>quos</strong></span> <span class='ocrx_word' id='word_1_158' title='bbox 392 2483 487 2551; x_wconf 85' lang='lat' dir='ltr'><strong>optas,</strong></span> <span class='ocrx_word' id='word_1_159' title='bbox 505 2485 606 2551; x_wconf 89' lang='lat' dir='ltr'><strong>portus</strong></span> <span class='ocrx_word' id='word_1_160' title='bbox 622 2476 744 2533; x_wconf 87' lang='lat' dir='ltr'><strong>accedet</strong></span> <span class='ocrx_word' id='word_1_161' title='bbox 758 2476 879 2533; x_wconf 89' lang='lat' dir='ltr'><strong>Averni.</strong></span> 
     </span>
    </p>
   </div>
   <div class='ocr_carea' id='block_1_3' title="bbox 177 2566 1164 2738">
    <p class='ocr_par' dir='ltr' id='par_1_3' title="bbox 177 2566 1164 2738">
     <span class='ocr_line' id='line_1_24' title="bbox 177 2566 1014 2646; baseline 0.004 -23"><span class='ocrx_word' id='word_1_162' title='bbox 177 2566 262 2624; x_wconf 88' lang='lat' dir='ltr'><strong>Unus</strong></span> <span class='ocrx_word' id='word_1_163' title='bbox 277 2568 332 2624; x_wconf 88' lang='lat' dir='ltr'><strong>erit</strong></span> <span class='ocrx_word' id='word_1_164' title='bbox 346 2568 470 2637; x_wconf 75' lang='lat' dir='ltr'><strong>tantum,</strong></span> <span class='ocrx_word' id='word_1_165' title='bbox 488 2569 627 2625; x_wconf 88' lang='lat' dir='ltr'><strong>amissum</strong></span> <span class='ocrx_word' id='word_1_166' title='bbox 643 2588 730 2644; x_wconf 88' lang='lat' dir='ltr'><strong>quem</strong></span> <span class='ocrx_word' id='word_1_167' title='bbox 744 2569 862 2646; x_wconf 89' lang='lat' dir='ltr'><strong>gurgite</strong></span> <span class='ocrx_word' id='word_1_168' title='bbox 878 2576 1014 2644; x_wconf 79' lang='lat' dir='ltr'><strong>quaerel3</strong></span> 
     </span>
     <span class='ocr_line' id='line_1_25' title="bbox 177 2659 1164 2738; baseline 0.003 -21"><span class='ocrx_word' id='word_1_169' title='bbox 177 2659 276 2717; x_wconf 92' lang='lat' dir='ltr'><strong>Unum</strong></span> <span class='ocrx_word' id='word_1_170' title='bbox 290 2680 343 2737; x_wconf 94' lang='lat' dir='ltr'><strong>pro</strong></span> <span class='ocrx_word' id='word_1_171' title='bbox 357 2661 456 2718; x_wconf 86' lang='lat' dir='ltr'><strong>multis</strong></span> <span class='ocrx_word' id='word_1_172' title='bbox 471 2661 588 2719; x_wconf 87' lang='lat' dir='ltr'><strong>dabitur</strong></span> <span class='ocrx_word' id='word_1_173' title='bbox 603 2669 701 2738; x_wconf 87' lang='lat' dir='ltr'><strong>caput.</strong></span> <span class='ocrx_word' id='word_1_174' title='bbox 1106 2663 1164 2722; x_wconf 82' lang='grc'><strong>815</strong></span> 
     </span>
    </p>
   </div>
   <div class='ocr_carea' id='block_1_4' title="bbox 176 2752 1164 4235">
    <p class='ocr_par' dir='ltr' id='par_1_4' title="bbox 176 2752 1164 4235">
     <span class='ocr_line' id='line_1_26' title="bbox 216 2752 918 2831; baseline 0.006 -22"><span class='ocrx_word' id='word_1_175' title='bbox 216 2752 276 2810; x_wconf 90' lang='lat' dir='ltr'><strong>His</strong></span> <span class='ocrx_word' id='word_1_176' title='bbox 292 2754 341 2810; x_wconf 89' lang='lat' dir='ltr'><strong>ubi</strong></span> <span class='ocrx_word' id='word_1_177' title='bbox 356 2755 424 2811; x_wconf 85' lang='lat' dir='ltr'><strong>laeta</strong></span> <span class='ocrx_word' id='word_1_178' title='bbox 438 2755 502 2812; x_wconf 84' lang='lat' dir='ltr'><strong>deae</strong></span> <span class='ocrx_word' id='word_1_179' title='bbox 518 2756 669 2830; x_wconf 86' lang='lat' dir='ltr'><strong>permulsit</strong></span> <span class='ocrx_word' id='word_1_180' title='bbox 685 2764 807 2831; x_wconf 90' lang='lat' dir='ltr'><strong>pectora</strong></span> <span class='ocrx_word' id='word_1_181' title='bbox 821 2754 918 2826; x_wconf 78' lang='lat' dir='ltr'><strong>dictis,</strong></span> 
     </span>
     <span class='ocr_line' id='line_1_27' title="bbox 176 2845 955 2924; baseline 0.003 -21"><span class='ocrx_word' id='word_1_182' title='bbox 176 2845 281 2924; x_wconf 87' lang='lat' dir='ltr'><strong>Jungit</strong></span> <span class='ocrx_word' id='word_1_183' title='bbox 295 2866 388 2922; x_wconf 91' lang='lat' dir='ltr'><strong>equos</strong></span> <span class='ocrx_word' id='word_1_184' title='bbox 403 2867 475 2905; x_wconf 89' lang='lat' dir='ltr'><strong>auro</strong></span> <span class='ocrx_word' id='word_1_185' title='bbox 489 2849 615 2924; x_wconf 88' lang='lat' dir='ltr'><strong>genitor,</strong></span> <span class='ocrx_word' id='word_1_186' title='bbox 633 2850 860 2924; x_wconf 80' lang='lat' dir='ltr'><strong>spumantiaque</strong></span> <span class='ocrx_word' id='word_1_187' title='bbox 875 2849 955 2906; x_wconf 90' lang='lat' dir='ltr'><strong>addit</strong></span> 
     </span>
     <span class='ocr_line' id='line_1_28' title="bbox 177 2940 1005 3016; baseline 0.002 -19"><span class='ocrx_word' id='word_1_188' title='bbox 177 2940 287 2998; x_wconf 79' lang='lat' dir='ltr'><strong>Fraena</strong></span> <span class='ocrx_word' id='word_1_189' title='bbox 302 2942 382 3011; x_wconf 83' lang='lat' dir='ltr'><strong>seris,</strong></span> <span class='ocrx_word' id='word_1_190' title='bbox 400 2942 595 3016; x_wconf 89' lang='lat' dir='ltr'><strong>manibusque</strong></span> <span class='ocrx_word' id='word_1_191' title='bbox 610 2961 712 2998; x_wconf 84' lang='lat' dir='ltr'><strong>omnes</strong></span> <span class='ocrx_word' id='word_1_192' title='bbox 727 2943 849 2999; x_wconf 85' lang='lat' dir='ltr'><strong>effundit</strong></span> <span class='ocrx_word' id='word_1_193' title='bbox 864 2942 1005 2999; x_wconf 86' lang='lat' dir='ltr'><strong>habenas.</strong></span> 
     </span>
     <span class='ocr_line' id='line_1_29' title="bbox 178 3032 947 3111; baseline 0 -20"><span class='ocrx_word' id='word_1_194' title='bbox 178 3032 319 3091; x_wconf 84' lang='lat' dir='ltr'><strong>Caeruleo</strong></span> <span class='ocrx_word' id='word_1_195' title='bbox 334 3054 386 3111; x_wconf 88' lang='lat' dir='ltr'><strong>per</strong></span> <span class='ocrx_word' id='word_1_196' title='bbox 400 3055 513 3092; x_wconf 85' lang='lat' dir='ltr'><strong>summa</strong></span> <span class='ocrx_word' id='word_1_197' title='bbox 528 3034 601 3092; x_wconf 86' lang='lat' dir='ltr'><strong>levis</strong></span> <span class='ocrx_word' id='word_1_198' title='bbox 615 3035 693 3091; x_wconf 87' lang='lat' dir='ltr'><strong>volat</strong></span> <span class='ocrx_word' id='word_1_199' title='bbox 713 3054 834 3110; x_wconf 86' lang='lat' dir='ltr'><strong>aequora</strong></span> <span class='ocrx_word' id='word_1_200' title='bbox 848 3054 947 3092; x_wconf 87' lang='lat' dir='ltr'><strong>curru.</strong></span> 
     </span>
     <span class='ocr_line' id='line_1_30' title="bbox 178 3129 1164 3205; baseline 0.004 -20"><span class='ocrx_word' id='word_1_201' title='bbox 178 3129 338 3186; x_wconf 84' lang='lat' dir='ltr'><strong>Subsidunt</strong></span> <span class='ocrx_word' id='word_1_202' title='bbox 353 3130 450 3200; x_wconf 66' lang='lat' dir='ltr'><strong>undae,</strong></span> <span class='ocrx_word' id='word_1_203' title='bbox 467 3129 669 3205; x_wconf 88' lang='lat' dir='ltr'><strong>tumidumque</strong></span> <span class='ocrx_word' id='word_1_204' title='bbox 685 3131 739 3186; x_wconf 94' lang='lat' dir='ltr'><strong>sub</strong></span> <span class='ocrx_word' id='word_1_205' title='bbox 755 3148 810 3185; x_wconf 86' lang='lat' dir='ltr'><strong>axe</strong></span> <span class='ocrx_word' id='word_1_206' title='bbox 825 3129 939 3186; x_wconf 87' lang='lat' dir='ltr'><strong>tonanti</strong></span> <span class='ocrx_word' id='word_1_207' title='bbox 1105 3131 1164 3189; x_wconf 74' lang='grc'><strong>880</strong></span> 
     </span>
     <span class='ocr_line' id='line_1_31' title="bbox 178 3221 1042 3300; baseline 0.002 -22"><span class='ocrx_word' id='word_1_208' title='bbox 178 3222 325 3279; x_wconf 86' lang='lat' dir='ltr'><strong>Sternitur</strong></span> <span class='ocrx_word' id='word_1_209' title='bbox 339 3241 441 3297; x_wconf 84' lang='lat' dir='ltr'><strong>aequor</strong></span> <span class='ocrx_word' id='word_1_210' title='bbox 458 3224 543 3298; x_wconf 88' lang='lat' dir='ltr'><strong>aquis</strong></span> <span class='ocrx_word' id='word_1_211' title='bbox 557 3242 564 3290; x_wconf 91' lang='lat'>;</span> <span class='ocrx_word' id='word_1_212' title='bbox 590 3223 705 3300; x_wconf 82' lang='lat' dir='ltr'><strong>fugiunt</strong></span> <span class='ocrx_word' id='word_1_213' title='bbox 719 3231 801 3279; x_wconf 85' lang='lat' dir='ltr'><strong>vasto</strong></span> <span class='ocrx_word' id='word_1_214' title='bbox 817 3222 927 3279; x_wconf 67' lang='lat' dir='ltr'><strong>aethere</strong></span> <span class='ocrx_word' id='word_1_215' title='bbox 941 3221 1042 3282; x_wconf 89' lang='lat' dir='ltr'><strong>nimbi.</strong></span> 
     </span>
     <span class='ocr_line' id='line_1_32' title="bbox 178 3311 897 3384; baseline 0.001 -14"><span class='ocrx_word' id='word_1_216' title='bbox 178 3311 255 3370; x_wconf 89' lang='lat' dir='ltr'><strong>Tum</strong></span> <span class='ocrx_word' id='word_1_217' title='bbox 270 3315 360 3371; x_wconf 74' lang='lat' dir='ltr'><strong>variae</strong></span> <span class='ocrx_word' id='word_1_218' title='bbox 375 3317 513 3371; x_wconf 87' lang='lat' dir='ltr'><strong>comitum</strong></span> <span class='ocrx_word' id='word_1_219' title='bbox 529 3315 642 3384; x_wconf 82' lang='lat' dir='ltr'><strong>sacies3</strong></span> <span class='ocrx_word' id='word_1_220' title='bbox 668 3315 806 3372; x_wconf 90' lang='lat' dir='ltr'><strong>immania</strong></span> <span class='ocrx_word' id='word_1_221' title='bbox 820 3322 897 3384; x_wconf 89' lang='lat' dir='ltr'><strong>cete,</strong></span> 
     </span>
     <span class='ocr_line' id='line_1_33' title="bbox 176 3406 933 3482; baseline 0.001 -19"><span class='ocrx_word' id='word_1_222' title='bbox 176 3406 217 3464; x_wconf 84' lang='lat' dir='ltr'><strong>Et</strong></span> <span class='ocrx_word' id='word_1_223' title='bbox 232 3407 331 3463; x_wconf 90' lang='lat' dir='ltr'><strong>senior</strong></span> <span class='ocrx_word' id='word_1_224' title='bbox 344 3406 453 3463; x_wconf 86' lang='lat' dir='ltr'><strong>Glauci</strong></span> <span class='ocrx_word' id='word_1_225' title='bbox 469 3407 588 3476; x_wconf 89' lang='lat' dir='ltr'><strong>chorus,</strong></span> <span class='ocrx_word' id='word_1_226' title='bbox 606 3406 757 3482; x_wconf 87' lang='lat' dir='ltr'><strong>lnoiisque</strong></span> <span class='ocrx_word' id='word_1_227' title='bbox 771 3407 933 3478; x_wconf 86' lang='lat' dir='ltr'><strong>Palaemon‚</strong></span> 
     </span>
     <span class='ocr_line' id='line_1_34' title="bbox 178 3499 920 3578; baseline 0.004 -20"><span class='ocrx_word' id='word_1_228' title='bbox 178 3499 376 3575; x_wconf 89' lang='lat' dir='ltr'><strong>Tritonesque</strong></span> <span class='ocrx_word' id='word_1_229' title='bbox 391 3501 452 3570; x_wconf 90' lang='lat' dir='ltr'><strong>citi,</strong></span> <span class='ocrx_word' id='word_1_230' title='bbox 469 3501 637 3578; x_wconf 90' lang='lat' dir='ltr'><strong>Phorcique</strong></span> <span class='ocrx_word' id='word_1_231' title='bbox 653 3503 802 3560; x_wconf 82' lang='lat' dir='ltr'><strong>exercitus</strong></span> <span class='ocrx_word' id='word_1_232' title='bbox 816 3503 920 3561; x_wconf 87' lang='lat' dir='ltr'><strong>omnis.</strong></span> 
     </span>
     <span class='ocr_line' id='line_1_35' title="bbox 176 3595 1163 3677; baseline 0.004 -23"><span class='ocrx_word' id='word_1_233' title='bbox 176 3595 270 3654; x_wconf 83' lang='lat' dir='ltr'><strong>Laeva</strong></span> <span class='ocrx_word' id='word_1_234' title='bbox 284 3603 385 3652; x_wconf 87' lang='lat' dir='ltr'><strong>tenent</strong></span> <span class='ocrx_word' id='word_1_235' title='bbox 399 3596 515 3667; x_wconf 89' lang='lat' dir='ltr'><strong>Thetis,</strong></span> <span class='ocrx_word' id='word_1_236' title='bbox 532 3607 560 3654; x_wconf 89' lang='lat' dir='ltr'><strong>et</strong></span> <span class='ocrx_word' id='word_1_237' title='bbox 579 3598 693 3668; x_wconf 87' lang='lat' dir='ltr'><strong>Melite,</strong></span> <span class='ocrx_word' id='word_1_238' title='bbox 709 3598 911 3674; x_wconf 87' lang='lat' dir='ltr'><strong>Panopeaque</strong></span> <span class='ocrx_word' id='word_1_239' title='bbox 926 3597 1022 3677; x_wconf 87' lang='lat' dir='ltr'><strong>virgo,</strong></span> <span class='ocrx_word' id='word_1_240' title='bbox 1105 3599 1163 3658; x_wconf 81' lang='grc'><strong>886</strong></span> 
     </span>
     <span class='ocr_line' id='line_1_36' title="bbox 177 3688 910 3766; baseline 0.004 -20"><span class='ocrx_word' id='word_1_241' title='bbox 177 3688 297 3758; x_wconf 87' lang='lat' dir='ltr'><strong>Neeaee,</strong></span> <span class='ocrx_word' id='word_1_242' title='bbox 313 3688 453 3764; x_wconf 87' lang='lat' dir='ltr'><strong>Spioque,</strong></span> <span class='ocrx_word' id='word_1_243' title='bbox 471 3689 649 3765; x_wconf 87' lang='lat' dir='ltr'><strong>Thaliaque,</strong></span> <span class='ocrx_word' id='word_1_244' title='bbox 667 3689 910 3766; x_wconf 84' lang='lat' dir='ltr'><strong>Cymodoceque.</strong></span> 
     </span>
     <span class='ocr_line' id='line_1_37' title="bbox 216 3780 967 3860; baseline 0.003 -22"><span class='ocrx_word' id='word_1_245' title='bbox 216 3780 279 3838; x_wconf 87' lang='lat' dir='ltr'><strong>Hic</strong></span> <span class='ocrx_word' id='word_1_246' title='bbox 294 3781 386 3858; x_wconf 87' lang='lat' dir='ltr'><strong>patris</strong></span> <span class='ocrx_word' id='word_1_247' title='bbox 399 3783 510 3840; x_wconf 85' lang='lat' dir='ltr'><strong>AEneae</strong></span> <span class='ocrx_word' id='word_1_248' title='bbox 526 3803 700 3860; x_wconf 86' lang='lat' dir='ltr'><strong>suspensam</strong></span> <span class='ocrx_word' id='word_1_249' title='bbox 714 3783 824 3839; x_wconf 88' lang='lat' dir='ltr'><strong>blanda</strong></span> <span class='ocrx_word' id='word_1_250' title='bbox 837 3783 967 3841; x_wconf 86' lang='lat' dir='ltr'><strong>vicissim</strong></span> 
     </span>
     <span class='ocr_line' id='line_1_38' title="bbox 177 3873 959 3951; baseline -0.001 -17"><span class='ocrx_word' id='word_1_251' title='bbox 177 3873 297 3934; x_wconf 89' lang='lat' dir='ltr'><strong>Gaudia</strong></span> <span class='ocrx_word' id='word_1_252' title='bbox 312 3883 477 3951; x_wconf 90' lang='lat' dir='ltr'><strong>pertentant</strong></span> <span class='ocrx_word' id='word_1_253' title='bbox 492 3886 640 3934; x_wconf 86' lang='lat' dir='ltr'><strong>mentem:</strong></span> <span class='ocrx_word' id='word_1_254' title='bbox 659 3878 745 3951; x_wconf 86' lang='lat' dir='ltr'><strong>jubet</strong></span> <span class='ocrx_word' id='word_1_255' title='bbox 759 3876 842 3934; x_wconf 77' lang='lat' dir='ltr'><strong>ocius</strong></span> <span class='ocrx_word' id='word_1_256' title='bbox 857 3895 959 3934; x_wconf 83' lang='lat' dir='ltr'><strong>omnes</strong></span> 
     </span>
     <span class='ocr_line' id='line_1_39' title="bbox 177 3969 763 4040; baseline 0.003 -13"><span class='ocrx_word' id='word_1_257' title='bbox 177 3969 280 4027; x_wconf 87' lang='lat' dir='ltr'><strong>Attolli</strong></span> <span class='ocrx_word' id='word_1_258' title='bbox 295 3970 399 4040; x_wconf 89' lang='lat' dir='ltr'><strong>malos,</strong></span> <span class='ocrx_word' id='word_1_259' title='bbox 417 3971 527 4028; x_wconf 86' lang='lat' dir='ltr'><strong>intendi</strong></span> <span class='ocrx_word' id='word_1_260' title='bbox 545 3972 666 4029; x_wconf 88' lang='lat' dir='ltr'><strong>brachia</strong></span> <span class='ocrx_word' id='word_1_261' title='bbox 680 3972 763 4029; x_wconf 78' lang='lat' dir='ltr'><strong>velis,</strong></span> 
     </span>
     <span class='ocr_line' id='line_1_40' title="bbox 177 4061 1163 4143; baseline 0.005 -23"><span class='ocrx_word' id='word_1_262' title='bbox 177 4061 474 4123; x_wconf 68' lang='lat' dir='ltr'><strong>Unaiomnessecere</strong></span> <span class='ocrx_word' id='word_1_263' title='bbox 490 4067 615 4143; x_wconf 90' lang='lat' dir='ltr'><strong>pedem;</strong></span> <span class='ocrx_word' id='word_1_264' title='bbox 641 4065 811 4142; x_wconf 88' lang='lat' dir='ltr'><strong>pariterque</strong></span> <span class='ocrx_word' id='word_1_265' title='bbox 827 4066 972 4136; x_wconf 83' lang='lat' dir='ltr'><strong>sinistros,</strong></span> <span class='ocrx_word' id='word_1_266' title='bbox 1107 4064 1163 4125; x_wconf 66' lang='grc'><strong>88)</strong></span> 
     </span>
     <span class='ocr_line' id='line_1_41' title="bbox 178 4156 1005 4235; baseline -0.001 -18"><span class='ocrx_word' id='word_1_267' title='bbox 178 4157 266 4217; x_wconf 87' lang='lat' dir='ltr'><strong>Nunc</strong></span> <span class='ocrx_word' id='word_1_268' title='bbox 281 4158 410 4230; x_wconf 83' lang='lat' dir='ltr'><strong>dextros,</strong></span> <span class='ocrx_word' id='word_1_269' title='bbox 426 4159 543 4220; x_wconf 67' lang='lat' dir='ltr'><strong>solvere</strong></span> <span class='ocrx_word' id='word_1_270' title='bbox 557 4160 640 4218; x_wconf 84' lang='lat' dir='ltr'><strong>sinus</strong></span> <span class='ocrx_word' id='word_1_271' title='bbox 653 4178 661 4228; x_wconf 93' lang='lat'>;</span> <span class='ocrx_word' id='word_1_272' title='bbox 685 4156 746 4215; x_wconf 63' lang='lat' dir='ltr'><strong>unia</strong></span> <span class='ocrx_word' id='word_1_273' title='bbox 760 4158 854 4216; x_wconf 87' lang='lat' dir='ltr'><strong>ardua</strong></span> <span class='ocrx_word' id='word_1_274' title='bbox 866 4165 1005 4235; x_wconf 89' lang='lat' dir='ltr'><strong>torquent</strong></span> 
     </span>
    </p>
   </div>
   <div class='ocr_carea' id='block_1_5' title="bbox 0 0 1350 5122">
    <p class='ocr_par' dir='ltr' id='par_1_5' title="bbox 0 0 1350 5122">
     <span class='ocr_line' id='line_1_42' title="bbox 0 0 1350 5122; baseline 0 0"><span class='ocrx_word' id='word_1_275' title='bbox 0 0 1350 5122; x_wconf 95' lang='lat' dir='ltr'><strong> </strong></span> 
     </span>
    </p>
   </div>
  </div>
 </body>
</html>
