2692 5122
468 787 691 834 onono1cou
712 787 781 835 crs.
796 788 832 836 11.
1099 799 1139 858 ω

185 928 215 987 N
218 947 288 999 unc,
307 946 368 1004 quo
382 944 530 1003 quamque
544 927 631 986 modo
646 927 741 1005 possis
754 946 951 1006 cognoscere,
968 928 1076 990 dicam.

147 1024 233 1083 Rara
247 1023 295 1094 sit,
312 1042 350 1080 ao
365 1037 457 1099 supra
470 1039 582 1079 morem
597 1021 622 1079 si
637 1022 739 1092 densa,
756 1022 914 1097 requiras3

147 1118 253 1176 Altera
266 1115 421 1174 frumentis
436 1115 575 1190 quoniam
589 1116 680 1183 favet,
698 1116 794 1172 altera
807 1115 929 1174 Baccho
943 1134 952 1186 ς

147 1211 251 1270 Densa
265 1209 361 1289 magis
376 1208 495 1280 Cereri,
511 1209 663 1266 rarissima
676 1228 803 1284 quaeque
817 1208 911 1287 Lymo
924 1228 932 1280 3

146 1305 225 1364 Ante
240 1305 339 1362 locum
352 1304 454 1381 capies
468 1304 574 1374 oculis,
591 1304 712 1380 alteque
729 1304 850 1378 jubebis
1073 1306 1136 1366 930

147 1398 182 1457 ln
200 1399 294 1457 solido
310 1407 431 1476 puteum
445 1398 567 1467 demitti,
583 1416 759 1474 omnemque
775 1415 902 1476 repones

147 1493 266 1552 Rursus
280 1493 411 1563 humum,
427 1500 456 1549 et
471 1491 595 1569 pedibus
609 1511 740 1549 summas
754 1494 888 1568 aequabis
901 1510 1019 1552 arenas.
1131 1486 1137 1507 ⁸

148 1587 179 1645 Si
193 1586 328 1656 deerunt,
343 1605 454 1656 rarum,
472 1586 632 1662 pecorique
647 1594 676 1643 et
691 1587 799 1644 vitibus
813 1587 899 1644 almis

146 1681 263 1757 Aptius,
280 1681 353 1737 uber
367 1679 423 1736 erit
439 1698 446 1735 :
469 1678 514 1736 sin
528 1679 558 1736 iu
573 1698 627 1736 sua
642 1698 729 1755 posse
743 1682 895 1757 negabunt

148 1773 197 1832 Ire
212 1773 287 1843 locs,
303 1781 332 1831 et
347 1773 503 1830 scrobibus
517 1774 667 1849 superabit
685 1783 767 1831 terra
780 1774 911 1850 repletis,
1071 1775 1132 1835 935

148 1867 266 1944 Spissus
280 1885 355 1945 ager
369 1885 376 1922 ε
400 1867 505 1943 glebas
519 1875 695 1925 cunctantes
709 1886 872 1942 crassaque
886 1876 973 1945 terga

146 1961 307 2038 Exspecta,
324 1968 353 2018 et
367 1961 472 2018 validis
486 1970 596 2021 terrum
610 1961 766 2038 proscinde
783 1961 930 2036 juvencis.

186 2056 272 2113 Salsa
284 2063 383 2113 autem
397 2054 495 2125 tellus,
512 2063 541 2112 et
556 2074 622 2130 quae
636 2055 807 2132 perhibetur
821 2074 934 2126 amara,

146 2148 296 2226 Frugibus
310 2149 420 2219 infelix,
435 2147 486 2225 (ea
500 2167 557 2206 nec
571 2149 752 2206 mansuescit
767 2150 889 2220 arando,

145 2241 211 2301 Nec
225 2243 347 2300 Baccho
360 2261 467 2320 genus,
484 2250 534 2300 aut
548 2243 641 2319 pomis
655 2262 709 2300 sua
723 2242 851 2314 nomina,
867 2243 996 2321 servat)
1069 2245 1131 2302 940

145 2335 221 2393 Tale
235 2335 316 2393 dabit
331 2335 481 2412 specimen
497 2355 504 2392 ε
526 2346 558 2393 tu
574 2336 670 2412 spisso
683 2334 791 2393 vimine
806 2335 911 2410 qunlos

146 2429 282 2505 Coleque
295 2430 452 2507 prelorum
466 2430 589 2487 fumosis
603 2430 704 2505 deripe
718 2430 806 2486 tectis
820 2448 827 2496 ;

145 2523 216 2581 Huc
231 2542 305 2601 ager
318 2524 367 2581 ille
382 2523 488 2592 malus,
505 2522 667 2598 dulcesque
682 2541 700 2578 a
714 2522 843 2579 sontibus
859 2521 956 2594 undae,

145 2616 193 2675 Ad
207 2617 323 2694 plenum
338 2616 494 2674 calcentur
509 2633 516 2672 τ
541 2634 620 2691 aqua
633 2616 813 2673 eluctabitur
826 2616 921 2674 omnis

146 2710 274 2780 Scilicet,
291 2717 320 2767 et
334 2709 464 2787 grandes
480 2709 561 2766 ibunt
576 2727 630 2786 per
643 2709 752 2767 vimina
765 2717 857 2787 guttae
871 2728 879 2778 ;
1070 2712 1130 2770 945

144 2805 183 2861 At
196 2823 287 2881 sapor
299 2804 439 2862 iudicium
457 2803 546 2860 saciet
564 2802 747 2874 manifestus,
764 2812 793 2861 et
808 2822 861 2861 ora

143 2899 255 2957 Tristia
273 2896 438 2956 tentantium
454 2918 543 2956 sensu
557 2897 707 2975 torquebit
722 2919 848 2959 amaror.

144 2993 267 3070 Pinguis
281 2993 351 3051 item
366 3013 432 3068 quas
448 2994 484 3051 sit
498 2993 596 3064 tellus,
614 2993 669 3050 boc
684 2993 812 3069 denique
827 3003 915 3071 pacto

144 3085 316 3144 Discimus:
340 3086 418 3143 haud
432 3106 562 3162 unquam
579 3087 715 3144 manibus
732 3087 846 3163 jactata
859 3089 979 3161 fatiscit,

145 3179 202 3236 Sed
222 3181 296 3257 picis
310 3180 339 3237 in
355 3199 464 3237 morem
479 3180 515 3236 ad
530 3180 638 3257 digitos
651 3180 787 3239 lentescit
802 3182 948 3242 habendo.
1048 3174 1051 3179 ¹
1068 3183 1128 3241 950

144 3271 276 3331 Humida
289 3273 417 3348 majores
435 3273 543 3330 herbas
558 3275 619 3345 alit,
637 3275 761 3351 ipsaque
778 3275 859 3350 justo

143 3365 276 3425 Laetior:
300 3367 338 3424 ab
352 3369 359 3423 l
381 3367 501 3425 nimiirm
514 3387 552 3424 ne
567 3367 604 3424 sit
619 3369 687 3424 mihi
701 3368 805 3424 fertilis
820 3369 880 3438 illa,

144 3459 211 3519 Neu
226 3479 259 3518 se
273 3460 464 3537 praevalidam
479 3461 579 3537 primis
593 3461 729 3517 ostendat
744 3460 842 3517 aristis
859 3463 865 3516 !

144 3554 221 3622 Quae
236 3555 336 3632 gravis
349 3563 405 3624 est,
423 3555 487 3630 ipso
500 3554 623 3611 tacitam
641 3573 673 3610 se
689 3553 819 3631 pondere
834 3553 940 3630 prodit,

144 3647 281 3722 Quaque
292 3648 374 3706 levis.
394 3647 566 3724 Promptum
577 3656 622 3704 est
634 3648 728 3705 oculis
740 3647 917 3725 praediscere
930 3647 1057 3727 nigram,
1067 3651 1126 3708 955

143 3740 183 3798 Et
198 3741 264 3816 quis
277 3741 326 3798 cui
340 3741 431 3799 color.
475 3742 514 3798 At
529 3742 706 3799 sceleratum
721 3742 878 3817 exquirere
894 3741 989 3821 frigus

144 3833 273 3892 Difficile
289 3843 334 3892 est
348 3854 355 3903 ;
381 3835 472 3912 piceae
486 3836 609 3906 tanturn,
626 3836 745 3911 taxique
761 3844 902 3894 nocentes

145 3926 305 3998 Interdum,
322 3938 372 3986 aut
387 3928 504 3986 hederae
520 3929 649 4006 pandunt
664 3929 791 4006 vestigia
805 3930 909 4006 nigras.

180 4021 241 4079 His
256 4022 479 4093 animadversis,
495 4031 604 4080 terram
621 4023 709 4079 multd
725 4022 793 4081 ante
808 4033 955 4084 memento

143 4113 334 4190 Excoquere,
351 4123 381 4172 et
394 4134 519 4192 magnos
534 4116 688 4172 scrobibus
702 4116 861 4173 concidere
874 4127 999 4193 montes,
1066 4122 1126 4178 960

143 4207 219 4265 Ante
234 4209 388 4285 supinatas
403 4209 533 4285 aquiloni
547 4209 703 4267 ostendere
717 4210 833 4287 glebae,

143 4299 241 4367 Quidni
262 4303 361 4360 laetum
380 4303 504 4361 infodias
518 4303 585 4361 vitis
599 4322 695 4381 genus
710 4322 717 4359 τ
740 4305 849 4382 optima
863 4306 941 4382 putri

142 4395 223 4452 Arva
236 4396 300 4453 solo
317 4415 324 4465 ;
349 4397 375 4454 id
390 4397 471 4455 venti
485 4405 601 4468 curant,
618 4397 785 4475 gelidaeque
800 4399 924 4476 pruinae,

141 4486 182 4545 Et
194 4489 344 4547 labefacta
357 4510 477 4549 movens
491 4492 630 4549 robustus
647 4492 756 4570 jugera
771 4492 874 4552 fossor.

180 4581 229 4655 At,
245 4584 271 4642 si
287 4603 361 4661 quos
374 4584 453 4643 haud
472 4586 533 4644 ulla
546 4585 625 4643 viros
640 4585 793 4663 vigilantia
807 4587 892 4664 fugit,
1064 4585 1124 4644 965

415 4678 460 4735 5·
