2692 5122
488 752 711 802 osostsscort
730 754 799 802 ΗΒ.
814 755 851 804 ll.

175 890 321 950 Versibus
335 890 493 970 incomptis
505 890 620 964 ludunt,
636 894 759 971 risuque
774 895 881 969 soluto,

175 984 297 1063 Oraque
312 985 475 1044 corticibus
488 995 608 1045 sumunt
621 988 771 1046 horrenda
784 991 919 1049 cavatis:

175 1078 216 1140 Et
229 1087 270 1151 te,
285 1078 420 1151 Bacche,
436 1088 545 1139 vocant
559 1101 613 1158 per
626 1082 760 1140 carmina
773 1082 854 1157 laeta,
869 1083 981 1162 tibique

175 1173 289 1232 Oscilla
302 1191 339 1231 ex
353 1171 416 1232 altis
429 1174 614 1251 suspendunt
628 1177 728 1235 mollia
742 1178 822 1255 pinu.

175 1265 258 1325 Hinc
272 1266 368 1325 omnis
381 1266 466 1346 largo
480 1269 617 1345 pubescit
631 1270 720 1328 vinea
732 1270 804 1330 soetu
820 1290 828 1341 ;
1107 1275 1169 1332 390

176 1359 373 1438 Complentur
387 1361 541 1438 vallesque
556 1382 650 1435 cavae,
667 1365 821 1441 saltusque
835 1365 981 1444 profundi,

174 1453 215 1513 Et
230 1454 421 1532 qudcumque
435 1455 509 1513 deus
524 1456 639 1515 circium
652 1467 743 1535 caput
757 1459 818 1537 egit
833 1459 999 1519 honestum.

174 1548 259 1627 Ergo
272 1546 329 1607 rite
344 1567 431 1606 suum
444 1548 568 1609 Baccho
583 1550 718 1609 dicemus
732 1551 875 1611 honorem

175 1630 369 1704 Carminibus
384 1644 497 1721 patriis,
514 1644 678 1722 lancesque
693 1654 722 1704 et
740 1647 801 1704 liba
815 1647 968 1709 feremus:

174 1736 215 1796 Et
229 1736 337 1796 ductus
350 1756 444 1796 cornu
458 1739 546 1797 stabit
560 1758 650 1798 sacer
662 1740 764 1800 hircus
779 1741 817 1799 ad
834 1761 927 1814 aram,
1109 1746 1168 1804 395

175 1830 364 1909 Pinguiaque
378 1831 409 1889 in
423 1833 555 1891 verubus
568 1835 747 1894 torrebimus
761 1845 830 1894 exta
845 1836 986 1898 colurnis.

213 1927 272 1987 Est
286 1927 374 1987 etiam
388 1927 437 1985 ille
451 1929 537 1987 labor
550 1930 690 1990 curandis
705 1932 814 1990 vitibus
828 1932 915 2003 alter,

176 2021 237 2084 Cui
249 2041 402 2100 nunquam
418 2023 553 2082 exhausti
568 2025 641 2083 satis
655 2034 701 2085 est
717 2046 725 2097 ;
749 2046 880 2103 namque
895 2045 982 2086 omne
997 2025 1156 2104 quotannis

174 2116 296 2193 Terque
312 2126 478 2194 quaterque
493 2117 588 2203 solum
607 2119 811 2192 scindendum,
828 2120 979 2198 glebaque
992 2120 1089 2179 versis

138 2235 142 2242 ·
174 2212 339 2272 AEternlrm
353 2212 519 2292 frangenda
533 2213 713 2286 bidentibus,
730 2235 816 2273 omne
831 2216 991 2274 levandum
1109 2218 1169 2275 400

175 2304 294 2366 Fronde
309 2325 415 2365 nemus
432 2325 439 2363 τ
462 2307 539 2365 redit
554 2308 694 2385 agricolis
708 2309 793 2366 labor
808 2317 892 2367 actus
906 2309 937 2368 in
950 2310 1064 2381 orbem,

176 2401 277 2479 Atque
291 2400 322 2459 in
336 2419 370 2460 se
384 2420 440 2458 sua
454 2420 508 2478 per
521 2401 650 2479 vestigia
663 2402 791 2460 volvitur
805 2421 911 2462 annus.

214 2500 261 2556 Ac
278 2498 342 2573 jam
359 2497 439 2568 olim,
456 2516 542 2554 seras
557 2497 654 2574 posuit
671 2517 760 2573 quum
774 2498 864 2555 vinea
877 2498 1008 2571 frondes,

175 2591 317 2670 Frigidus
331 2601 360 2650 et
372 2591 455 2650 silvis
470 2591 570 2667 aquilo
585 2591 716 2649 decussit
731 2590 897 2662 honorem;

176 2684 243 2744 Jam
257 2695 319 2744 tum
334 2705 405 2744 acer
419 2705 509 2744 curas
523 2685 693 2743 venientem
707 2685 839 2742 extendit
852 2684 883 2742 in
898 2703 1009 2744 annum

176 2778 332 2850 Rusticus,
351 2787 381 2836 et
396 2797 488 2837 curvo
504 2777 625 2837 Saturni
639 2778 727 2836 dente
742 2779 878 2836 relictam

176 2873 373 2950 Persequitur
385 2873 475 2931 vitem
490 2873 658 2944 attondens,
677 2872 821 2951 fingitque
836 2871 977 2950 putando.

176 2966 294 3026 Primus
308 2966 429 3025 humum
443 2967 544 3038 sodito,
561 2967 673 3044 primus
690 2967 817 3026 devecta
831 2975 962 3026 cremato

178 3062 344 3132 Sarmenta,
360 3070 389 3119 et
403 3061 498 3119 vallos
512 3061 623 3138 primus
637 3064 693 3119 sub
706 3070 788 3119 tecta
800 3062 911 3121 referto
926 3080 934 3119 ε

176 3154 351 3214 Postremus
364 3155 475 3213 metito.
517 3154 570 3213 Bis
584 3155 694 3213 vitibus
708 3156 819 3233 ingruit
832 3159 937 3214 umbra
952 3175 961 3226 ;

127 3315 130 3320 ,
176 3250 228 3307 Bis
242 3258 376 3327 segetem
391 3248 494 3329 densis
506 3248 656 3307 obducunt
673 3250 806 3307 sentibus
819 3251 921 3308 herbae
937 3268 944 3306 :

177 3342 281 3401 Durus
295 3351 420 3418 uterque
435 3342 529 3400 labor.
570 3341 707 3400 Laudato
723 3342 856 3419 ingentia
870 3361 942 3399 rura
959 3360 967 3412 3

177 3436 330 3515 Exiguum
343 3436 441 3494 colito.
484 3436 551 3493 Nec
566 3454 625 3493 non
640 3435 730 3492 etiam
745 3453 854 3511 aspera
867 3434 948 3491 rusci

177 3529 299 3589 Vimina
312 3549 365 3607 per
378 3528 495 3597 silvam,
511 3536 540 3585 et
555 3528 627 3604 ripis
640 3528 768 3585 fluvialis
783 3526 897 3584 arundo

179 3622 325 3694 Caeditur,
341 3622 504 3698 incultique
519 3629 640 3678 exercet
656 3640 729 3678 cura
743 3620 850 3679 salicti.

178 3715 246 3775 Jam
259 3717 367 3774 vinctas
382 3717 467 3785 vites,
486 3715 548 3789 jam
564 3714 671 3773 sulcem
687 3717 810 3772 arbusta
824 3720 981 3792 reponunt,

178 3809 246 3869 Jam
261 3810 341 3868 canit
355 3818 504 3867 extremos
519 3809 638 3867 effoetus
652 3808 759 3867 vinitor
773 3816 858 3866 antes
874 3828 881 3864 :

180 3904 374 3962 Sollicitando
390 3914 491 3961 tamen
504 3903 604 3974 tellus,
621 3902 775 3979 pulvisque
790 3902 953 3960 movendus
968 3920 977 3972 ;

179 3995 219 4055 Et
235 3996 297 4071 jam
311 3997 435 4055 maturis
450 3996 626 4055 metuendus
640 3996 759 4073 Jupiter
773 3996 848 4054 uvis.

218 4089 344 4161 Contrd,
360 4111 419 4148 non
434 4091 495 4149 ulla
509 4098 554 4147 est
569 4090 642 4146 oleis
657 4090 795 4146 cultura:
818 4109 916 4165 neque
932 4089 991 4148 illae

181 4179 361 4241 Procurvam
375 4190 550 4261 exspectant
565 4182 682 4252 sulcem,
699 4190 872 4258 rastrosque
886 4192 1020 4256 tenaces,

183 4273 280 4348 Quum
295 4278 388 4335 semel
402 4277 552 4335 haeserunt
567 4275 657 4345 srvis,
674 4295 824 4350 aurasque
839 4276 980 4334 tulerunt.

182 4367 250 4447 Ipsa
263 4370 337 4429 satis
351 4371 449 4441 tellus,
467 4389 557 4446 quum
571 4369 658 4426 dente
672 4369 837 4427 recluditur
851 4389 938 4442 unco,

183 4464 296 4522 Sufficit
311 4465 474 4535 humorem,
491 4472 521 4521 et
535 4462 675 4541 gravidus
690 4482 757 4520 cum
772 4482 891 4521 vomere
905 4463 1017 4540 sruges.

182 4555 252 4616 Hoc
266 4558 407 4636 pinguem
421 4566 450 4615 et
464 4557 605 4635 placitam
618 4556 693 4614 Paci
708 4555 835 4613 nutritor
849 4556 964 4614 olivam.

851 4667 874 4706 ιι
