2692 5122
176 406 236 463 ³20
462 397 489 444 r.
514 396 680 443 risernrr
707 394 879 444 ussurus

176 539 286 598 Oblato
301 537 434 616 gaudens
449 536 585 613 componi
599 536 712 593 soedcre
727 535 846 593 bellum.

176 632 254 690 Tum
270 633 368 689 socios
382 631 538 705 moestique
554 638 663 686 metum
678 629 791 686 solatur
801 627 873 697 luli,
1109 627 1170 686 110

175 724 254 784 Fata
268 726 379 783 docens
392 744 401 793 ;
424 724 549 801 regique
560 723 645 798 jubet
660 740 804 799 responsa
817 720 926 778 Latino

178 816 271 878 Certa
285 819 398 876 referre
415 818 502 886 viros,
518 825 548 874 et
563 816 646 893 pacis
661 815 761 872 dicere
777 815 869 892 leges.

215 912 342 971 Postera
357 912 405 969 vix
420 929 549 970 summos
563 911 723 986 spargebat
737 908 847 966 lumine
862 913 975 965 montes

177 1006 253 1065 Orta
267 1006 341 1076 dies,
358 1024 448 1082 quum
462 1003 588 1082 primitur
602 1003 662 1060 alto
677 1022 710 1060 se
727 1002 846 1080 gurgite
860 1001 966 1059 tollunt

178 1100 256 1158 Solis
269 1099 349 1175 equi,
366 1099 523 1174 lucemque
536 1097 624 1155 elatis
637 1096 759 1154 naribus
773 1096 874 1153 efflant
887 1113 894 1151 :
1106 1093 1166 1153 11⁶

178 1193 325 1270 Campum
340 1192 377 1249 ad
391 1200 552 1261 certamen,
568 1210 685 1267 magnae
699 1191 754 1247 sub
769 1189 915 1247 moenibus
929 1188 1022 1259 urbis,

176 1285 313 1344 Dimensi
328 1286 492 1361 Rutulique
509 1285 563 1342 viri
576 1284 748 1359 Teucrique
764 1284 909 1359 parabant
926 1300 933 1351 3

177 1378 212 1437 ln
226 1379 382 1455 medioque
397 1378 489 1448 socos,
506 1386 536 1435 ot
550 1377 596 1435 dis
610 1377 814 1435 communibus
829 1395 898 1434 aras

177 1472 365 1531 Gramineus.
406 1472 466 1530 Alii
481 1471 650 1546 fontemque
665 1471 824 1548 ignemque
840 1469 983 1539 serebant,

177 1564 277 1623 Veluti
292 1567 371 1635 limo,
388 1573 418 1622 et
433 1564 565 1622 verbend
578 1574 713 1641 tempora
727 1564 827 1621 vincti.
1110 1562 1168 1622 rw

177 1657 316 1716 Procedit
331 1659 409 1735 legio
424 1657 621 1727 Ausonidum,
640 1657 789 1734 pilataque
806 1655 900 1733 plenis

121 1782 125 1786 ·
177 1752 306 1829 Agmina
320 1771 352 1809 se
367 1751 491 1809 fundunt
506 1751 606 1827 portis.
650 1750 732 1807 Hinc
746 1751 858 1807 Troius
871 1750 975 1822 omnis,

177 1843 413 1921 Tyrrhenusque
428 1844 486 1900 ruit
501 1844 590 1901 variis
604 1843 753 1900 exercitae
768 1843 878 1900 armis:

178 1937 271 1995 Haud
286 1957 375 1995 secus
390 1937 524 1994 instructi
540 1937 629 2007 serro,
648 1938 736 2012 quem
751 1937 776 1994 si
791 1956 895 2014 aspera
909 1936 1018 1994 Martis

177 2029 285 2107 Pugna
300 2039 395 2089 vocet.
437 2030 504 2089 Nec
518 2050 576 2088 non
591 2030 697 2088 mediis
711 2031 740 2087 in
756 2030 883 2087 millibus
897 2030 953 2108 ipsi
1110 2031 1166 2089 125

178 2123 330 2182 Ductores
345 2144 419 2182 auro
433 2125 554 2182 volitant
568 2133 710 2200 ostroque
725 2124 836 2194 decori,

178 2218 217 2276 Et
232 2238 328 2295 genus
343 2219 488 2276 Assaraci
501 2218 686 2286 Mnestheus,
704 2226 733 2274 et
747 2217 830 2275 sortis
843 2219 964 2291 Asylus,

178 2308 219 2371 Et
234 2312 393 2388 Messapus
408 2312 517 2387 equium
531 2312 667 2380 domitor,
683 2311 835 2387 Neptunia
849 2311 956 2388 proles.

178 2403 289 2480 thue,
306 2405 374 2461 dato
388 2405 484 2481 signo,
501 2406 597 2480 spatia
611 2405 639 2460 in
655 2423 710 2460 sua
725 2405 849 2480 quisque
868 2404 1002 2475 recessit,

179 2497 323 2575 Deligunt
337 2498 444 2554 tellure
460 2497 570 2566 hastas,
587 2505 617 2553 et
632 2505 718 2554 scuta
734 2498 889 2555 reclinant.
1112 2498 1168 2557 lw

179 2592 256 2650 Tum
272 2592 368 2649 studio
383 2592 486 2649 effusus
500 2602 620 2662 matres,
637 2600 666 2648 et
682 2592 788 2669 vulgus
802 2593 955 2664 inermum,

180 2683 365 2759 Invalidique
380 2704 478 2754 senes,
494 2693 591 2741 turres
606 2693 635 2741 et
649 2695 730 2743 tecta
745 2687 897 2744 domorum

179 2775 333 2836 Obscddre
348 2797 354 2833 :
378 2778 429 2835 alii
443 2778 534 2854 portis
548 2779 721 2837 sublimibus
737 2780 863 2838 adstant.

220 2871 260 2929 At
273 2871 294 2928 J
297 2891 365 2941 uno,
381 2890 398 2928 e
413 2890 537 2940 summo,
553 2871 602 2947 qui
616 2892 695 2929 nunc
710 2874 845 2930 Albanus
860 2873 996 2943 habetur,

181 2962 272 3040 (Tum
287 2983 385 3039 neque
400 2983 507 3021 nomen
521 2974 596 3034 erat,
610 2984 666 3022 nec
681 2966 785 3035 bonos,
801 2974 851 3022 aut
865 2965 961 3042 gloria
971 2964 1090 3043 monti,)
1110 2964 1167 3023 1³6

179 3057 368 3135 Prospiciens
381 3058 505 3128 tumulo,
521 3077 657 3133 campum
672 3058 873 3135 adspectabat,
890 3068 918 3114 et
934 3059 1038 3115 ambas

180 3148 364 3209 Laurentium
378 3152 551 3226 Troumque
567 3151 658 3221 acies,
675 3154 837 3226 urbemque
855 3151 964 3210 Latini.

179 3242 336 3319 Extemplo
351 3244 446 3301 Turni
460 3244 504 3302 sic
518 3254 563 3301 est
579 3245 669 3301 allata
683 3263 825 3315 sororem,

178 3334 259 3393 Diva
273 3336 367 3405 deam,
385 3337 498 3413 stegnis
514 3357 579 3412 quae
596 3337 823 3412 fluminibusque
838 3337 954 3395 sonoris

178 3427 324 3486 Praesides
339 3447 346 3496 ;
371 3427 449 3485 hunc
466 3429 506 3485 illi
521 3449 572 3486 rex
587 3430 706 3486 retheris
721 3430 798 3487 altus
813 3430 954 3488 honorem
1113 3430 1169 3491 1⁴0

178 3519 297 3597 Jupiter
311 3518 415 3595 creptis
430 3540 481 3596 pro
496 3522 664 3599 virginitate
679 3523 828 3579 sacravit:

178 3613 327 3690 Nympha,
344 3612 437 3670 decus
451 3614 617 3685 fluviorum,
633 3616 731 3674 auimo
745 3616 915 3692 gratissima
928 3624 1041 3689 nostro,

179 3708 255 3778 Scis,
274 3717 304 3765 ut
318 3716 348 3764 te
363 3709 479 3766 cunctis
495 3729 593 3779 unam,
610 3729 807 3785 quaecumque
824 3709 940 3767 Latinas

178 3798 363 3877 Magnanimi
375 3801 461 3858 Jovis
475 3803 621 3879 ingratum
636 3803 800 3863 ascenddre
815 3803 924 3875 cubile,

177 3893 373 3966 Praetulerim,
390 3897 518 3972 coelique
534 3899 639 3957 lubens
653 3901 681 3957 in
698 3910 780 3976 parte
795 3898 926 3957 loedrim.
1113 3900 1168 3961 145

177 3987 272 4046 Disce
286 3997 378 4059 tuum,
395 4009 492 4048 neme
508 3991 637 4062 incuses,
653 3993 792 4064 Juturna‚
809 3992 948 4051 dolorem.

179 4080 250 4149 Qua
264 4082 327 4139 visa
341 4091 386 4139 est
402 4083 518 4142 fortuna
533 4085 603 4161 pati,
620 4085 785 4163 Parcaeque
800 4086 936 4144 sinebant

179 4175 298 4234 Cedere
312 4196 362 4234 res
375 4176 474 4250 Latio,
490 4178 625 4237 Turnum
639 4188 669 4237 et
683 4187 735 4237 tua
749 4179 858 4239 moeuia
869 4177 951 4236 texi:
