2692 5122
184 385 245 444 ,ω
468 380 495 427 r.
518 380 684 428 vinoun
707 381 880 432 ussurus

186 522 218 579 Si
232 539 292 598 que
303 520 441 598 Phryges
456 538 518 596 prae
532 538 565 578 ee
576 518 701 594 jectsnt,
718 539 861 599 responsa
874 520 1008 578 deorum.

184 615 237 672 Set
252 614 319 672 setis
331 613 505 688 Venerique
519 612 630 683 dutum,
645 611 772 690 tetigere
787 613 866 689 qudd
880 632 955 672 arva
1117 612 1173 676 ts

184 709 306 767 Fertilis
320 708 462 766 Ausoniae
475 706 582 767 Troes.
626 708 700 764 Sunt
713 715 743 764 et
757 725 825 765 mea
842 707 949 765 contra
1168 706 1175 727 '

184 803 263 861 Fata
275 802 355 872 mihi,
372 801 451 859 ferro
465 801 644 859 sceleratam
658 801 833 859 exscindere
848 811 979 879 gentem,

185 897 325 974 Conjuge
339 893 497 973 praereptd„
540 894 608 952 Nec
623 893 702 952 soloe
716 894 811 972 tangit
825 893 948 952 Atrides

184 990 246 1049 Iste
261 990 355 1060 dolor,
372 989 503 1064 solisque
519 989 590 1047 licet
604 1007 714 1067 capere
729 1007 813 1047 arms
831 988 980 1065 Mycenis.

183 1084 244 1144 Sed
259 1084 384 1161 periisse
398 1082 492 1140 semel
505 1083 579 1140 setis
592 1093 648 1142 est.
689 1082 824 1141 Peccere
838 1083 943 1141 fuisset
1114 1082 1171 1145 140

183 1178 263 1237 Ante
277 1176 361 1248 setis,
378 1176 495 1254 penitus
509 1175 595 1234 modd
610 1196 669 1235 non
682 1195 778 1254 genus
790 1195 878 1234 omne
892 1193 1019 1254 perosos

183 1273 380 1332 Foemineum.
424 1271 544 1338 Quibus
557 1271 623 1329 haec
636 1270 725 1329 medii
738 1269 847 1329 fiducie
860 1270 940 1342 velli,

183 1367 407 1442 Fosserumque
421 1383 523 1436 morer,
540 1366 591 1423 leti
605 1365 776 1423 discrimina
792 1382 893 1442 parva,

183 1461 265 1519 Dant
280 1461 403 1518 animos.
445 1460 486 1517 At
500 1479 558 1516 non
572 1458 709 1517 viderunt
722 1459 833 1517 moenie
844 1457 958 1534 Trojte,

183 1554 317 1631 Neptuni
331 1553 477 1610 febriente
491 1570 591 1623 menu,
608 1552 764 1609 considere
777 1551 808 1609 in
822 1551 908 1630 ignes
923 1551 935 1608 i
1115 1544 1170 1613 100

184 1648 243 1708 Sed
258 1665 321 1718 ros,
338 1667 356 1704 o
370 1647 450 1717 lecti,
466 1645 546 1703 ferro
560 1646 610 1722 qui
625 1644 762 1704 scindere
777 1645 886 1703 vallum

183 1743 329 1820 Apparet,
346 1747 376 1797 et
390 1758 506 1797 mecum
521 1738 632 1797 invedit
645 1738 826 1815 trepidentie
840 1746 942 1797 cestre
958 1738 969 1795 i

182 1837 211 1895 N
214 1856 251 1894 on
267 1835 357 1893 ermis
370 1834 442 1893 mihi
455 1833 596 1905 Vulceni‚
612 1853 671 1891 non
685 1833 764 1891 mille
784 1834 896 1891 carinis

181 1931 239 1989 Est
253 1949 328 2007 opus
342 1929 372 1986 in
386 1928 531 1986 Teucros.
574 1928 694 1986 Addunt
709 1947 741 1985 se
756 1937 897 2005 protenus
911 1946 1015 1988 omnes

181 2022 306 2083 Etrusci
319 2024 425 2082 socios.
461 2022 617 2081 Tenebras
632 2033 661 2081 et
676 2023 782 2081 inertia
796 2022 874 2080 furta
1114 2018 1171 2083 100

184 2118 335 2196 [Palladii
352 2118 440 2176 caesie
454 2136 576 2175 summoe
591 2118 763 2175 custodibus
778 2116 883 2194 arcis,]

182 2213 230 2270 Ne
244 2214 367 2271 timeant
381 2231 388 2280 ;
413 2205 470 2269 nec
484 2211 554 2287 equi
569 2210 653 2269 caecfi
666 2210 828 2275 condemur
843 2210 872 2267 in
887 2209 976 2268 alvo:

180 2305 277 2376 Luce,
294 2305 401 2382 pelim,
418 2313 532 2362 certum
548 2312 593 2362 eet
608 2304 670 2381 igni
682 2304 870 2362 circumdare
884 2322 997 2362 muros.

182 2398 275 2456 Haud
290 2399 346 2456 sibi
360 2418 428 2456 cum
442 2398 559 2456 Densis
574 2416 637 2455 rem
652 2398 720 2456 suso
734 2406 763 2456 et
778 2401 855 2475 pube
869 2395 1003 2476 Pelesgd

180 2491 259 2549 Esse
274 2500 386 2569 putent,
404 2492 550 2549 decimum
565 2512 639 2567 quos
654 2492 765 2550 distulit
780 2492 900 2550 Hector
912 2493 942 2550 in
956 2509 1076 2552 annum.
1116 2490 1171 2553 166

181 2584 209 2643 N
213 2604 271 2642 unc
286 2584 373 2655 eded,
389 2585 494 2641 melior
509 2585 648 2660 quoniam
662 2605 729 2662 pars
745 2595 814 2644 ecte
827 2585 897 2658 diei,
975 2611 981 2621 ·

182 2676 271 2744 Quod
286 2686 433 2755 superest,
450 2679 509 2735 laeti
524 2680 600 2735 bene
615 2679 708 2755 gestis
722 2698 849 2757 corpora
862 2680 954 2737 rebus

180 2771 357 2844 Procurete,
375 2773 450 2841 viri;
474 2781 503 2829 et
519 2791 648 2849 pugnam
663 2782 781 2850 sperate
796 2774 901 2851 parati.

194 2885 196 2889 ’
220 2865 341 2924 Interea
356 2866 476 2943 vigilum
491 2866 625 2924 excubiis
639 2866 775 2925 obsidere
790 2876 891 2944 portas

181 2956 267 3020 Cura
280 2961 368 3018 datur
381 2959 533 3037 Messapo,
550 2968 580 3018 et
594 2961 704 3019 moenie
718 2962 839 3040 cingere
855 2962 990 3022 flammis.
1113 2958 1170 3022 100

180 3054 232 3113 Bis
247 3064 371 3132 septem,
388 3055 501 3113 Rutulo
516 3074 616 3113 muros
632 3055 681 3131 qui
696 3055 786 3113 milite
800 3065 931 3127 servent,

179 3147 299 3206 Delecti
317 3168 324 3217 ;
349 3159 395 3206 est
411 3150 476 3207 ilios
491 3149 611 3208 centeni
625 3168 772 3225 quemque
786 3159 954 3225 sequuntur

179 3241 328 3319 Purpurei
342 3243 440 3300 cristis
452 3244 579 3318 juvenes
593 3262 727 3319 euroque
741 3243 869 3302 corusci.

179 3334 371 3407 Discurrunt,
389 3338 564 3413 variantque
579 3338 671 3408 vices,
688 3337 805 3412 fusique
821 3355 874 3414 per
886 3337 1012 3396 herbam

179 3424 339 3506 Indulgent
353 3430 431 3500 vino,
449 3439 477 3487 et
492 3439 610 3488 vertunt
625 3440 759 3489 ureteras
773 3431 895 3490 ahenos.
1112 3428 1169 3490 idb

182 3519 340 3580 Coliucent
354 3523 440 3599 ignes
457 3543 464 3593 ;
489 3532 607 3582 noctem
621 3524 755 3582 custodie
769 3523 850 3583 ducit

179 3614 349 3674 Insomuem
362 3616 440 3676 iudo.

217 3708 296 3767 Haec
311 3730 431 3787 supere
446 3713 524 3770 vello
540 3718 728 3791 prospectent
741 3711 850 3785 Troes,
866 3719 895 3771 et
910 3711 1002 3770 ermis

180 3803 249 3860 Alte
263 3812 365 3862 tenent
380 3825 387 3874 ;
411 3826 467 3864 nec
482 3827 539 3865 non
554 3807 660 3884 trepidi
675 3805 829 3864 formidine
845 3815 947 3884 portas

179 3890 352 3972 Explorent,
368 3909 532 3977 pontesque
547 3910 576 3960 et
591 3901 815 3979 propugnacula
832 3900 962 3980 jungunt
978 3918 986 3969 ;
1113 3896 1168 3959 tro

176 3989 252 4046 Tele
268 4001 384 4067 gerunt.
428 3993 542 4054 Instant
556 3995 734 4054 Mnestheus
748 4014 880 4072 ecerque
895 3996 1047 4068 Serestus,

177 4083 263 4150 Quos
277 4093 361 4161 peter
376 4085 501 4162 AEnees,
518 4091 543 4148 ai
559 4088 676 4166 quando
692 4088 818 4147 adversa
832 4095 986 4160 vocarent,

176 4178 325 4238 Rectores
335 4181 478 4257 juvenum
491 4194 520 4244 ct
533 4202 634 4243 rerum
648 4181 727 4241 dedit
742 4202 809 4242 esee
824 4183 994 4261 magistros.
