2692 5122
521 808 699 859 AENEIDOS
719 811 790 863 ΜΒ.
804 811 835 859 Χ.

185 949 280 1008 Actus
295 967 379 1026 aper,
395 949 503 1007 multos
516 948 650 1008 Vesulus
664 970 751 1027 quern
766 948 873 1027 pinifer
886 966 980 1006 annos

185 1041 338 1114 Defendit,
354 1042 499 1100 multosve
514 1043 600 1120 palus
613 1043 789 1114 Laurentia,
806 1041 883 1100 silvia

185 1135 293 1195 Pastas
307 1133 495 1205 arundineh3
519 1144 676 1213 postquam
690 1136 767 1194 inter
780 1137 857 1193 retia
870 1143 989 1192 ventum
1003 1142 1060 1205 est,
1117 1136 1175 1192 710

186 1228 333 1299 Substitit,
351 1228 559 1304 infremuitque
574 1229 669 1299 ferox,
686 1237 715 1286 et
730 1228 875 1286 inhorruit
890 1247 988 1285 armos
1004 1245 1012 1296 ;

186 1322 252 1383 Nec
269 1321 410 1397 cuiquam
424 1322 514 1380 irasci
530 1323 686 1399 propibsve
702 1321 849 1380 accedere
863 1322 965 1392 virtus,

188 1415 245 1474 Sed
256 1415 368 1493 jaculis
381 1415 512 1491 tutisque
528 1417 630 1492 procul
644 1416 824 1473 clamoribus
846 1416 975 1472 instant:

187 1509 240 1569 Ills
257 1519 358 1568 autem
372 1510 537 1588 impavidus
551 1520 652 1588 partes
665 1520 825 1569 cunctatur
838 1511 869 1569 in
883 1529 995 1581 omnes,

185 1601 333 1662 Dentibus
347 1603 530 1675 infrendens,
546 1612 576 1662 ct
589 1613 675 1682 tergo
690 1605 801 1662 decutit
815 1605 927 1662 hastas.
1117 1604 1174 1662 '115

187 1695 277 1755 Haud
292 1697 390 1768 aliter,
402 1697 493 1772 justae
509 1698 615 1773 quihus
629 1705 675 1754 est
689 1697 859 1755 Mezentius
873 1697 936 1769 irae,

184 1788 253 1850 Non
268 1790 320 1848 ulli
335 1798 380 1848 est
394 1792 511 1848 anianus
526 1791 630 1848 stricto
644 1809 826 1848 concurrere
841 1790 940 1859 serro;

185 1879 349 1942 Missilibus
364 1884 453 1961 longe
468 1892 498 1942 et
513 1892 598 1941 vasto
612 1884 742 1942 clamore
757 1884 919 1942 lacessunt.

223 1975 358 2035 Venerat
373 1977 504 2053 antiquis
519 1976 646 2054 Corythi
661 1977 697 2034 de
712 1978 820 2035 finibus
833 1979 947 2048 Acron,

183 2067 293 2130 Graius
307 2070 405 2140 homo,
421 2069 547 2127 infectos
561 2071 698 2145 linquens
713 2070 857 2147 profugus
871 2070 1042 2146 hymenaeos
1056 2089 1063 2128 :
1115 2071 1174 2129 tao

183 2163 275 2224 Hunc
288 2165 340 2223 ubi
355 2166 527 2223 miscentem
542 2165 630 2244 longd
646 2165 743 2223 media
757 2167 878 2243 agmina
893 2166 974 2237 vidit,

183 2257 371 2336 Purpureum
386 2260 490 2337 pennis
505 2268 534 2317 et
550 2269 644 2336 pactae
659 2260 796 2336 conjugis
810 2269 912 2330 ostro;

184 2351 330 2431 Impastus
343 2354 461 2411 stabula
476 2354 535 2411 alta
549 2354 596 2410 leo
610 2373 667 2411 ceu
681 2353 761 2429 saepd
777 2373 952 2430 peragrans,

149 2450 153 2458 “
185 2444 309 2518 (Suadet
325 2447 402 2504 enim
415 2447 531 2503 'vesana
545 2446 666 2522 sames)
682 2446 708 2504 si
723 2446 796 2503 fortd
814 2447 953 2523 fugacem

185 2537 349 2617 Conspexit
364 2559 515 2616 capream,
533 2547 584 2596 aut
599 2548 771 2616 surgentem
787 2540 816 2596 in
832 2559 946 2598 cornua
960 2559 1092 2613 cervum,
1115 2542 1173 2599 725

183 2631 314 2702 Gaudet,
329 2633 413 2690 hians
428 2633 566 2702 immane,
583 2652 744 2708 comasque
759 2633 880 2704 arrexit,
897 2642 926 2691 et
940 2635 1033 2693 haeret

182 2723 359 2783 Visceribus
374 2726 653 2803 superincumbens
667 2745 675 2795 ς
701 2726 773 2784 lavit
787 2727 921 2804 improba
935 2736 1013 2786 teter

182 2817 369 2878 Oracruor:

182 2911 232 2971 Sic
245 2914 305 2971 ruit
319 2913 350 2970 in
363 2913 472 2972 densos
487 2915 589 2972 alacer
602 2914 772 2973 Mezentius
786 2916 896 2974 hostes.

183 3005 330 3064 Sternitur
345 3006 446 3064 inselix
460 3010 572 3079 Acron,
589 3017 619 3065 et
633 3009 767 3067 calcibus
781 3017 875 3067 atram
1113 3015 1172 3071 780

180 3098 290 3159 Τιιιιάἰῑ
305 3102 426 3159 humum
440 3104 605 3179 exspirans,
622 3103 809 3180 infractaque
823 3105 885 3162 tela
900 3113 1050 3165 cruentat.

180 3192 280 3269 Atque
295 3195 372 3252 idern
389 3195 549 3273 fugientem
564 3197 643 3254 haud
659 3207 703 3256 est
718 3198 856 3275 dignatus
868 3198 990 3257 Oroden

182 3287 333 3357 Sternere,
351 3308 407 3345 nec
417 3288 501 3364 jacti
515 3309 630 3348 caecurn
644 3291 716 3347 dare
732 3291 853 3367 cuspide
869 3292 976 3349 vulnus
992 3311 1000 3361 ;

179 3379 293 3439 Obvius
308 3381 492 3458 adversoque
507 3383 648 3452 occurrit,
665 3403 759 3458 aequo
773 3384 836 3441 viro
851 3385 897 3441 vir

179 3471 324 3545 Contulit,
342 3475 419 3532 haud
434 3476 512 3534 furto
527 3476 639 3545 melior,
656 3477 709 3533 sed
724 3478 849 3536 sortibus
863 3479 963 3536 armis.
1112 3480 1170 3537 735

177 3564 257 3625 Tum
271 3587 362 3644 super
376 3569 524 3643 abjectum
539 3569 633 3645 posito
648 3569 723 3644 pede
738 3570 824 3631 nixus
836 3580 865 3628 et
879 3570 968 3629 hasti
982 3591 989 3628 ε

177 3658 255 3718 Pars
268 3661 338 3717 belli
354 3661 434 3719 haud
447 3660 616 3731 temnenda,
635 3661 700 3732 viri,
713 3662 795 3737 jacet
810 3665 886 3722 altus
900 3664 1026 3724 Orodes.

178 3750 378 3811 Conclamant
393 3754 477 3824 socii,
495 3755 595 3811 laeturn
610 3774 714 3830 paeana
729 3758 833 3816 secuti.

179 3842 233 3905 llle
248 3856 348 3904 autem
362 3848 541 3924 exspirans:
564 3849 634 3905 Non
648 3868 705 3920 me,
724 3850 902 3928 quicumque
921 3871 965 3924 es,
982 3853 1085 3926 inulto,

177 3936 293 4011 Victor,
311 3960 368 3998 nec
382 3942 503 4018 longum
518 3943 658 3999 laetahere
673 3962 680 4011 ;
704 3950 733 4000 te
749 3963 865 4020 quoque
880 3947 942 4005 sata
1109 3950 1168 4006 740

177 4031 375 4109 Prospectant
390 4037 484 4111 paria,
502 4043 592 4111 atque
606 4037 710 4094 eadem
725 4057 793 4095 mox
807 4057 879 4096 arva
893 4041 1017 4101 tenebis.

175 4125 223 4183 Ad
239 4146 327 4202 quem
342 4130 499 4187 subridens
514 4128 607 4188 mixti
621 4130 793 4189 Mezentius
809 4132 869 4189 ira:

175 4216 265 4277 Nunc
279 4239 395 4278 morere
412 4241 418 4277 ε
441 4231 488 4279 ast
502 4223 539 4280 de
554 4243 600 4281 me
616 4222 713 4282 diutim
727 4225 820 4283 Pater
833 4235 923 4303 atque
936 4230 1086 4288 hominum
1102 4250 1157 4290 rex

177 4309 301 4370 Viderit.
343 4313 414 4372 Hoc
430 4315 544 4386 dicens,
562 4316 662 4376 eduxit
676 4338 801 4395 corpore
816 4321 930 4380 telum:

176 4401 238 4463 Olli
249 4405 326 4464 dura
342 4408 426 4482 quies
440 4410 544 4466 oculos
558 4418 587 4467 et
602 4411 717 4469 ferreus
732 4422 818 4491 urget
1108 4421 1165 4479 745

176 4496 304 4556 Somnus
318 4519 325 4568 ;
346 4501 380 4558 in
396 4514 539 4560 aeternam
553 4503 731 4563 clauduntur
745 4507 856 4566 lumina
868 4517 995 4569 noctem.

215 4590 358 4652 Caedicus
370 4595 550 4654 Alcathoum
564 4599 732 4671 obtruncat,
750 4602 890 4661 Sacrator
902 4603 1071 4683 Hydaspen
1082 4623 1090 4674 3

452 4690 492 4746 25
847 4709 891 4750 ιι
