2692 5122
540 789 713 838 AENEIDOS
732 789 802 836 Llll.
816 788 880 836 ΧΠ.
1146 795 1205 854 319

218 927 297 986 Alba
311 925 381 986 rosa
395 946 401 983 :
424 928 500 986 tales
514 929 597 1006 virgo
611 928 700 986 dabat
716 948 766 985 ore
781 929 903 986 colores.

219 1023 306 1081 Illum
320 1024 418 1081 turbat
433 1042 525 1094 amor,
542 1024 665 1101 figitque
681 1025 709 1082 in
726 1025 837 1101 virgine
854 1024 971 1081 vultus:
1164 1024 1205 1082 70

220 1116 312 1174 Ardet
328 1117 356 1173 in
372 1136 454 1174 arma
468 1118 574 1195 magis,
592 1118 756 1194 paucisque
772 1118 877 1173 affatur
891 1118 1050 1174 Amatam:

219 1209 278 1281 Ne,
295 1229 407 1286 quaeso,
424 1229 461 1267 ne
476 1230 523 1267 mo
537 1211 687 1287 lacrymis,
704 1229 779 1267 neve
794 1210 890 1266 omine
905 1218 997 1280 tanto,

219 1302 405 1379 Prosequere
420 1304 449 1362 ia
463 1303 528 1362 duri
542 1304 705 1362 certamina
719 1303 825 1360 Martis
840 1311 968 1374 euntem,

220 1396 375 1455 Omater:
399 1416 496 1472 neque
511 1398 588 1454 enim
602 1398 706 1454 Turno
720 1416 802 1453 mora
817 1397 911 1453 libera
925 1395 1036 1455 mortis.

220 1488 349 1549 Nuntius
363 1490 440 1560 hac,
457 1490 571 1562 Idmon,
587 1491 721 1567 Phrygio
735 1508 802 1546 mea
817 1489 897 1547 dicta
909 1498 1036 1566 tyranno
1165 1487 1205 1547 '16

220 1582 312 1641 Haud
327 1583 474 1660 placitura
488 1584 566 1641 refer
580 1603 586 1640 :
611 1584 712 1650 Quum
727 1583 851 1659 primum
865 1583 996 1640 crastina
1011 1581 1088 1641 cralo

219 1675 359 1735 Puniceis
373 1677 492 1734 invecta
506 1678 577 1734 rotis
591 1678 711 1734 Aurora
724 1677 866 1746 rubescit,

220 1768 288 1827 Non
301 1769 439 1826 Teucros
454 1778 525 1846 agat
540 1770 568 1827 in
585 1769 723 1826 Rutulos.
766 1766 918 1826 Teucriam
932 1786 1016 1826 arma
1030 1767 1186 1844 quiescant

219 1861 258 1920 Et
272 1863 426 1920 Rutulirm.
468 1863 579 1920 Nostro
594 1863 765 1920 dirimamus
778 1864 925 1939 sanguine
940 1862 1058 1920 bellum.

220 1955 274 2014 lllo
290 1966 440 2033 quaretur
454 1958 561 2032 conjux
575 1957 702 2015 Lavinia
718 1976 832 2033 campo.
1165 1954 1206 2014 80

257 2049 336 2108 Hrec
353 2052 402 2108 ubi
415 2051 494 2108 dicta
508 2051 599 2117 dedit,
616 2051 736 2126 rapidus
750 2051 779 2107 in
794 2059 874 2108 tecta
888 2049 1014 2107 recessit
1030 2067 1037 2107 :

218 2141 318 2201 Poscit
333 2162 438 2219 equos,
454 2144 623 2220 gaudetque
638 2154 724 2201 tuens
740 2154 808 2201 ante
823 2162 877 2200 ora
890 2143 1062 2214 frementes,

219 2234 355 2295 Pilumno
370 2256 444 2313 quos
459 2238 523 2313 ipsa
537 2237 629 2294 decus
644 2237 723 2293 dedit
738 2237 876 2312 Orithyia
892 2255 899 2305 ;

221 2328 280 2396 Qui
294 2330 424 2387 candore
440 2331 523 2387 nives
538 2331 693 2399 anteirent,
711 2330 849 2387 cursibus
864 2348 962 2387 auras.

221 2421 422 2482 Circumstant
438 2424 557 2500 properi
572 2424 695 2500 aurigae,
713 2424 907 2497 manibusque
922 2423 1074 2482 lacessunt
1167 2420 1206 2481 86

221 2514 351 2577 Pectora
365 2519 470 2595 plausa
484 2519 577 2587 cavis,
594 2526 623 2575 et
638 2519 716 2574 colla
730 2518 876 2575 comantia
891 2525 1020 2593 pectunt.

221 2609 287 2687 Ipse
302 2612 411 2669 dehinc
426 2631 500 2668 auro
515 2612 700 2687 squalentem
715 2611 842 2686 alboque
858 2610 1009 2668 orichalco

222 2703 395 2762 Circumdat
410 2705 531 2762 loricam
547 2705 677 2761 humeris
693 2723 700 2771 ;
725 2704 812 2761 simul
827 2712 908 2779 aptat
922 2702 1057 2762 habendo

220 2796 402 2873 Ensemque,
419 2799 626 2874 clypeumque,
644 2808 672 2855 et
688 2800 785 2855 rubrae
800 2816 913 2854 cornua
928 2798 1026 2857 cristas
1042 2815 1050 2867 ;

220 2890 342 2961 Ensem,
360 2911 447 2967 quem
461 2893 569 2949 Dauno
585 2893 752 2969 ignipotens
766 2891 840 2948 deus
855 2892 917 2967 ipse
934 2890 1049 2967 parenti
1167 2892 1207 2952 90

221 2982 359 3054 Fecerat,
377 2993 405 3040 et
421 2984 525 3061 Stygia
539 2985 715 3042 candentem
734 2986 861 3042 tinxerat
877 2982 967 3042 undis.

221 3074 308 3147 Exin,
326 3097 392 3152 quae
407 3078 510 3135 mediis
525 3079 637 3155 ingenti
652 3079 759 3136 adnixa
774 3079 919 3136 columnae

221 3168 353 3227 AEdibus
368 3172 514 3241 adstabat,
533 3172 659 3229 validam
675 3173 702 3228 vi
717 3172 838 3247 corripit
853 3172 977 3242 hastam,

221 3261 339 3319 Actoris
355 3265 490 3321 Aurunci
504 3267 638 3340 spolium,
657 3276 838 3340 quassatque
852 3272 1037 3334 trementem,

222 3353 418 3413 vociferans:
440 3358 540 3427 Nunc,
558 3378 574 3414 ο
589 3377 740 3433 nunquam
755 3357 896 3414 frustrata
912 3366 1035 3414 vocatus
1166 3358 1206 3417 96

222 3446 320 3505 Hasta
336 3469 426 3519 meos,
444 3470 522 3508 nunc
537 3461 652 3527 tempus
667 3451 750 3506 adest
765 3469 771 3505 :
796 3459 825 3506 te
840 3450 985 3506 maximus
998 3450 1103 3519 Actor,

221 3538 265 3597 Te
279 3541 374 3598 Turni
390 3562 468 3599 nunc
483 3543 587 3599 dextra
601 3543 678 3618 gerit
693 3561 699 3597 :
722 3543 760 3598 da
775 3552 908 3598 sternere
924 3559 1042 3619 corpus,

222 3632 418 3711 Loricamque
434 3655 521 3692 manu
537 3635 636 3693 validsl
651 3637 787 3694 lacerare
802 3635 952 3692 revulsam

224 3729 356 3787 Semiviri
371 3731 510 3808 Phrygis,
527 3739 556 3787 et
571 3731 683 3787 soedare
699 3731 728 3787 in
744 3731 865 3807 pulvere
880 3729 979 3789 crines

222 3818 361 3881 vibratos
376 3825 472 3881 calido
487 3825 576 3894 ferro,
594 3823 773 3900 myrrhdque
790 3824 951 3882 madentes.
1148 3826 1205 3885 100

257 3915 318 3973 His
332 3916 430 3993 agitur
444 3917 537 3986 furiis,
555 3926 674 3994 totoque
690 3917 820 3975 ardentis
835 3918 871 3974 ab
887 3936 937 3974 ore

222 4008 361 4067 Scintilla
377 4012 542 4078 absistunt;
566 4013 661 4069 oculis
675 4014 763 4069 micat
778 4013 898 4070 acribus
912 4012 999 4090 ignis.

145 4149 146 4153 ,
222 4097 359 4178 Mugitus
374 4103 463 4160 veluti
479 4123 568 4179 quum
583 4105 677 4181 prima
691 4106 719 4162 in
735 4106 840 4181 proetia
853 4112 956 4163 taurus

220 4191 380 4251 Territicos
395 4197 463 4265 ciet,
480 4204 570 4272 atque
584 4199 674 4255 irasci
692 4199 721 4255 in
735 4217 848 4255 cornua
860 4206 964 4269 tentat,

220 4285 343 4344 Arboris
358 4289 482 4346 obnixus
496 4299 611 4360 trunco,
629 4300 792 4366 ventosque
808 4292 927 4349 lacessit
1147 4293 1203 4353 106

221 4376 342 4450 Ictibus,
359 4391 388 4437 et
404 4381 510 4458 sparsd
523 4383 559 4440 ad
575 4403 703 4460 pugnam
717 4384 843 4460 proludit
863 4383 963 4443 arena.

257 4472 324 4530 Nec
340 4474 435 4531 minits
450 4475 564 4533 interea
578 4478 719 4534 maternis
734 4497 831 4535 saevus
847 4479 874 4535 in
890 4479 980 4536 armis

222 4565 333 4626 AEneas
348 4569 425 4626 acuit
440 4569 579 4642 Martem,
595 4580 671 4629 etse
688 4573 812 4630 suscitat
827 4571 883 4642 ira,
