2692 5122
227 411 282 468 142
522 405 548 451 P.
563 404 725 451 VIRGILII
745 404 914 451 Mauortis

224 543 297 614 Sint,
315 563 397 620 puer,
412 552 441 600 et
456 544 577 621 longum
592 541 809 602 Andromachae
823 551 969 601 testentur
983 560 1123 614 amorem,

225 634 370 714 conjugis
385 637 556 694 Hectoreae.
581 635 685 719 ..Cape
700 636 777 693 dona
791 645 922 693 extrema
936 644 1064 708 tuorum,

223 728 251 788 0
264 730 334 787 mihi
348 729 412 786 sola
427 730 484 786 mei
499 727 588 805 super
602 730 794 805 Astyanactis
808 730 904 807 imago
920 732 927 786 !

224 823 273 881 Sic
288 824 401 893 oculos,
418 824 461 880 sic
477 823 525 879 ille
541 842 656 894 manus,
673 823 784 880 sicera
799 823 911 880 serebat
927 842 934 891 ;
1145 824 1207 882 490

221 916 262 975 Et
281 936 359 973 nunc
375 916 483 991 aequali
497 924 595 972 tecum
610 917 788 992 pubesceret
803 935 875 974 aevo.
982 964 985 973 .

261 1009 329 1067 Hos
344 1029 400 1086 ego
415 1008 583 1086 digrediens
597 1008 737 1084 lacrymis
752 1010 866 1066 affabar
879 1008 990 1067 obortis
1006 1026 1013 1064 ε

220 1100 322 1159 Viuite
337 1101 450 1170 selices,
468 1102 575 1177 quibus
590 1110 635 1158 est
649 1101 766 1158 fortuna
781 1109 903 1178 peracta
931 1126 946 1132 ·

221 1194 291 1253 Jam
306 1214 360 1252 sua
377 1214 384 1263 3
409 1214 463 1251 nos
477 1194 537 1251 alia
551 1213 587 1250 ex
603 1195 668 1273 aliis
684 1195 711 1250 in
727 1194 788 1252 sata
802 1213 952 1252 vocamur.

221 1285 316 1344 Vobis
331 1296 416 1364 parta
431 1287 515 1362 quies
533 1305 539 1354 ;
564 1287 676 1344 nulium
692 1287 780 1344 maris
795 1306 896 1362 {equor
911 1286 1053 1345 arandum
1068 1305 1075 1356 3
1143 1287 1205 1345 495

222 1380 306 1439 Arva
319 1399 416 1457 neque
429 1380 583 1450 Ausonia,
600 1399 718 1457 semper
732 1380 870 1438 cedentia
885 1390 973 1451 retro,

223 1464 404 1557 Quaerenda,
445 1473 586 1563 pffigiem
601 1473 713 1530 Xanthi
732 1474 913 1548 Trojamque
929 1474 1043 1547 videtis,

214 1562 322 1634 ‘Quam
337 1564 560 1624 vestrm-secere
576 1584 690 1636 manus,
707 1567 886 1636 melioribus,
903 1575 981 1643 opto,

221 1661 383 1738 Auspiciis,
400 1670 429 1717 et
447 1680 513 1736 quae
528 1660 614 1718 suerit
629 1660 726 1718 minus
740 1661 827 1718 obvia
841 1660 980 1730 Graiiij,

221 1755 253 1814 si
268 1754 384 1830 quando
399 1754 522 1831 Tybrim
540 1754 695 1829 vicinaque
709 1753 849 1830 Tybridis
865 1772 938 1811 arva
1145 1755 1206 1813 500

221 1846 349 1918 Intrdro‚
366 1848 507 1923 gentique
523 1865 596 1904 meae
612 1846 681 1903 data
694 1847 806 1904 moenia
820 1865 951 1917 cernam,

221 1939 376 2018 Cognatas
390 1942 479 1998 urbes
494 1940 572 2010 olim,
591 1941 772 2016 populosque
791 1940 981 2016 propinquos,

219 2032 323 2111 Epiro,
340 2032 503 2110 Hesperioi,
522 2034 629 2108 quibus
643 2033 721 2090 idem
734 2033 896 2090 Dardanus
910 2041 1023 2104 auctor,

219 2127 320 2203 Atque
337 2127 414 2184 idem
428 2145 527 2196 casus,
545 2145 633 2183 unam
649 2116 792 2183 faciemus
807 2135 961 2201 utramque

220 2219 341 2295 Trojum
357 2220 461 2276 animis
477 2239 483 2275 :
506 2228 624 2276 maneat
639 2228 755 2276 nostros
770 2238 807 2276 ea
822 2237 894 2275 cura
909 2227 1040 2295 nepotes.
1108 2209 1113 2215 ’
1144 2219 1204 2276 505

259 2311 455 2370 Provehimur
469 2312 574 2389 pelago
588 2312 686 2369 vicina
701 2311 853 2370 Ceraunia
869 2311 963 2386 juxta,

219 2403 305 2462 Unde
321 2405 376 2461 iter
392 2402 516 2474 Italiam,
533 2423 698 2479 cursusque
712 2404 903 2461 brevissimus
922 2403 1016 2462 undis.

87 2572 94 2579 .
177 2556 185 2561 ,
221 2497 271 2554 Sol
292 2496 348 2553 ruit
365 2496 491 2565 interea,
508 2505 536 2553 et
552 2505 666 2554 montes
681 2497 854 2553 umbrantur
868 2496 964 2573 opaci.

220 2589 384 2648 Sternimur
398 2598 506 2665 optatae
522 2590 635 2665 gremio
649 2588 762 2645 telluris
777 2588 813 2645 ad
829 2589 947 2659 undam,
962 2582 1102 2641 N.
1124 2628 1129 2633 .

220 2682 321 2740 sortiti
340 2701 447 2752 remos,
465 2682 632 2759 passimque
647 2681 676 2738 in
692 2681 788 2738 littore
803 2682 883 2738 sicco
1143 2681 1204 2738 510

220 2776 357 2854 Corpora
371 2797 510 2835 curamus
523 2796 530 2846 ;
554 2777 648 2833 fessos
663 2795 750 2853 sopor
764 2777 868 2853 irrigat
884 2785 975 2834 artus.

219 2869 356 2929 Necdum
371 2873 472 2927 orbem
487 2870 613 2927 medium
631 2869 698 2926 Nox
713 2869 793 2926 horis
808 2880 876 2926 acta
890 2870 1006 2927 subibat
1022 2888 1029 2926 ι

175 2968 184 2981 ’
219 2961 312 3021 Haud
327 2965 427 3041 segnis
442 2972 534 3020 strato
549 2963 642 3038 surgit
660 2942 829 3032 Palinurus,
847 2972 875 3019 et
890 2982 992 3020 omues

218 3056 363 3134 Explorut
379 3066 493 3127 ventos,
510 3065 599 3132 ntque
615 3055 735 3112 auribus
755 3058 827 3113 adra
841 3062 940 3132 captat
954 3074 962 3124 3

220 3150 322 3207 Sidera
339 3160 447 3207 cuncta
462 3159 541 3207 notat
557 3149 648 3206 tacito
663 3149 793 3205 labentia
807 3149 894 3218 coelo,
1143 3150 1204 3208 615

218 3242 391 3312 Arcturum,
409 3243 583 3320 pluviasque
598 3242 734 3317 Hyades,
752 3242 943 3318 geminosque
957 3240 1097 3313 Triones,

219 3337 433 3411 Armatumque
449 3355 522 3392 auro
537 3337 736 3412 circumspicit
751 3337 873 3395 Oriona.

217 3429 379 3505 Postquam
400 3438 508 3487 cuneta
523 3430 601 3486 videt
616 3430 693 3487 eoelo
708 3440 844 3488 constare
861 3451 977 3503 sereno,

217 3521 279 3580 Dat
295 3523 408 3579 clarum
422 3541 438 3578 e
454 3523 542 3598 puppi
557 3522 673 3599 signum
689 3542 704 3591 ;·
720 3544 774 3580 nos
789 3535 889 3582 castra
902 3545 1064 3600 movemus,

217 3615 441 3690 Tentamusque
457 3615 545 3685 viam,
562 3625 590 3671 et
606 3616 737 3672 velorum
752 3618 905 3692 pandimus
920 3619 992 3678 aias.
1143 3620 1205 3678 520

255 3707 383 3783 Jamque
403 3710 582 3766 rubescebat
597 3709 690 3766 stellis
704 3711 823 3768 Aurora
843 3713 962 3788 fugatis,

218 3801 318 3866 Quum
334 3803 435 3877 procul
450 3803 593 3859 obscuros
608 3803 699 3859 colles
713 3804 910 3882 humilemque
925 3803 1059 3863 videmus

205 3891 343 3952 italiam.
388 3895 504 3952 Italiam
519 3897 629 3973 primus
645 3898 812 3955 conclamat
827 3899 979 3968 Achates3

218 3984 336 4045 Italiam
350 3988 417 4046 teto
432 3989 505 4045 socii
522 3990 651 4046 clamore
666 3992 805 4050 salutant.

215 4079 293 4138 Tum
313 4090 397 4157 pater
410 4082 558 4138 Anchises
573 4102 711 4160 magnum
726 4094 844 4141 cratera
858 4082 971 4142 coronis
1142 4087 1205 4144 525

217 4172 325 4242 Induit,
341 4175 529 4250 implevitque
544 4195 635 4245 mero,
653 4177 794 4253 divosque
810 4178 926 4234 vocavit

216 4266 305 4325 Stans
318 4266 402 4326 celsi
415 4269 445 4325 in
460 4270 548 4346 puppi
562 4288 568 4326 :
