2692 5122
1252 346 1322 377 hd·

472 806 646 855 mutuos
666 806 770 883 121831.

128 946 236 1006 Frater
250 954 282 1005 ut
297 943 414 1005 AEncas
426 946 534 1024 pelago
548 956 617 1005 tuus
631 948 729 1005 omnia
743 946 855 1005 circum

128 1040 243 1100 Littora
259 1040 392 1116 jactetur
405 1040 480 1098 odiis
492 1041 513 1099 J
516 1042 621 1099 unonis
636 1042 755 1118 iniquae,

129 1134 208 1193 Nota
221 1134 291 1203 tibi;
312 1142 342 1191 ct
356 1142 457 1192 nostro
472 1134 590 1191 doluisti
605 1135 684 1211 saepd
700 1133 811 1192 dolore.

128 1226 220 1286 Hunc
233 1226 393 1285 Phoenissa
405 1236 487 1286 tenet
501 1228 591 1299 Dido,
608 1229 782 1304 blandisque
798 1234 928 1286 moratur
1055 1227 1115 1284 670

129 1319 262 1378 Vocibus
276 1338 283 1389 3
308 1329 337 1378 et
352 1339 459 1379 vereor
473 1321 532 1398 qud
547 1341 579 1379 se
593 1322 614 1379 J
616 1322 725 1379 unonia
739 1329 855 1379 vertant

129 1413 290 1493 Hospitia;
314 1414 392 1473 baud
406 1425 488 1473 tanto
503 1418 633 1474 cessabit
648 1416 768 1474 cardine
782 1434 892 1474 rerum.

130 1507 283 1575 Quocirca
298 1528 406 1586 capere
422 1510 491 1567 ante
506 1509 591 1581 dolis,
608 1519 638 1568 et
652 1511 774 1588 cingere
789 1506 909 1567 flammis

129 1602 280 1681 Reginam
293 1603 418 1661 meditor
430 1622 437 1672 ;
461 1623 498 1661 ne
514 1624 572 1680 quo
586 1624 619 1661 se
634 1605 753 1662 numina
767 1611 870 1675 mutet,

130 1695 188 1753 Ssd
203 1715 311 1774 magno
325 1696 435 1754 AEnaae
451 1717 566 1755 mecum
580 1707 719 1756 teneatur
732 1716 843 1755 amore.
1055 1693 1128 1755 m.

89 1834 93 1839 .
130 1787 202 1856 Qun
215 1788 315 1847 facere
330 1789 358 1847 id
373 1790 480 1867 possis,
497 1799 628 1848 nostram
642 1810 720 1850 nunc
736 1792 841 1868 accipe
858 1796 995 1849 mentam.

129 1881 258 1961 Regius,
274 1883 372 1940 accitu
387 1885 451 1941 cari
464 1885 619 1962 genitoris,
636 1884 673 1942 ad
687 1886 793 1942 urbem

130 1976 281 2035 Sidoniam
295 1996 368 2054 puer
381 1978 424 2035 irs
440 1989 535 2055 parat,
552 1997 618 2036 mea
631 1980 760 2036 maxima
774 1997 859 2048 cura,

129 2069 220 2128 Dona
233 2070 342 2142 serens,
360 2073 466 2150 pelago
480 2081 509 2130 et
524 2073 649 2130 flammis
662 2073 807 2131 restantia
821 2071 943 2148 Trojas:

129 2162 223 2222 Hunc
238 2183 295 2243 ego
309 2165 436 2240 sopitum
448 2186 562 2237 somno,
579 2186 669 2244 super
683 2168 744 2224 alta
759 2164 904 2242 Cythera,
1055 2164 1117 2225 68⁰

129 2256 191 2315 Aut
204 2277 296 2335 super
309 2257 444 2330 Idalium,
461 2259 582 2317 sacrat-52
595 2260 666 2317 seda
681 2259 841 2317 recondam
854 2278 861 2327 3

131 2350 179 2409 Ne
195 2349 255 2427 quai
268 2351 346 2408 scire
361 2350 455 2423 dolos,
471 2353 623 2411 mediusve
638 2371 797 2410 occurrere
818 2350 919 2429 possit.

131 2444 178 2503 'l'u
193 2444 299 2503 facicm
312 2445 402 2516 illius,
419 2455 536 2503 noctem
550 2465 609 2503 non
624 2446 748 2522 amplius
763 2463 863 2515 unam,

131 2537 217 2597 Falle
232 2538 309 2609 dolo,
326 2548 355 2596 et
371 2548 457 2596 notos
472 2540 556 2616 pueri
571 2558 644 2615 puer
659 2538 747 2595 indue
762 2537 883 2606 vultus3

131 2630 181 2703 Ut,
197 2652 286 2708 quum
300 2642 330 2690 te
345 2634 459 2710 gremio
474 2633 599 2709 accipiet
615 2632 766 2690 laetissima
785 2630 865 2688 Dido
1061 2626 1118 2685 685

132 2725 266 2805 Regales
280 2728 357 2785 inter
371 2747 489 2784 mensas
504 2727 683 2803 laticemque
697 2726 833 2802 Lyaeum,

131 2816 234 2886 Quum
245 2820 328 2878 dabit
343 2822 495 2898 amplexus
510 2835 598 2897 atque
613 2822 716 2879 oscula
732 2820 831 2878 dulcia
845 2819 927 2897 figet,

130 2911 291 2971 Occultum
306 2914 432 2990 inspires
448 2915 557 2992 ignem,
574 2915 720 2991 fallasque
735 2933 859 2972 veneno.

172 3002 263 3062 Paret
277 3007 371 3064 Amor
385 3007 471 3065 dictis
485 3028 564 3065 caroe
579 3007 751 3084 genetricis,
766 3015 796 3064 at
811 3007 875 3065 alas

130 3097 233 3171 Exuit,
250 3114 280 3156 ct
294 3119 400 3178 gressu
416 3100 550 3177 gaudens
565 3100 674 3158 incedit
690 3099 756 3159 luli.
1061 3098 1119 3157 &90

131 3190 174 3251 At
188 3192 293 3252 Venus
308 3195 440 3252 Ascanio
455 3195 599 3272 placidam
616 3215 667 3271 per
682 3197 815 3252 membra
829 3194 959 3270 quictem

131 3280 252 3363 Irrigat,
270 3295 300 3343 et
314 3286 405 3344 sotum
420 3289 533 3365 gremio
547 3288 604 3344 dea
616 3289 691 3345 tollit
706 3289 734 3345 in
750 3288 826 3345 altos

131 3377 235 3437 Idaliae
250 3380 344 3450 lucos,
362 3381 410 3438 ubi
425 3381 521 3438 mollis
536 3400 692 3438 amaracus
707 3382 790 3437 illum

130 3469 272 3530 Ploribus
286 3482 315 3530 et
329 3473 408 3531 dulci
423 3472 578 3549 adspirans
593 3473 799 3548 complectitur
812 3467 927 3528 umbria.

130 3562 261 3641 Jamque
277 3568 347 3638 ibat,
364 3567 443 3624 dicto
459 3585 576 3642 parens,
593 3574 622 3622 et
637 3564 714 3622 dona
731 3564 849 3641 Cupido
1060 3566 1118 3625 695

131 3657 232 3737 Regia
248 3663 383 3736 portabat
397 3659 509 3735 Tyriis,
526 3658 602 3716 duce
617 3659 702 3716 laetus
716 3658 841 3716 Achate.

132 3749 236 3817 Quum
251 3754 340 3824 venit,
358 3753 461 3810 aulaeis
477 3754 541 3828 jam
554 3773 587 3810 se
602 3752 706 3830 regina
720 3752 856 3830 superbis

130 3842 239 3902 Aureai
252 3847 415 3922 composuit
430 3845 554 3923 spondi,
572 3846 757 3923 mediamque
772 3845 892 3906 locavit.

175 3936 244 3995 Jarn
259 3947 342 4015 pater
355 3940 474 3997 AEneas
488 3949 517 3997 et
535 3941 598 4016 jam
611 3940 744 4016 'l’rojana
761 3941 902 4016 juventus

131 4028 335 4102 Conveniunt,
352 4041 505 4110 stratoque
519 4054 610 4111 super
623 4034 817 4092 discumbitur
830 4043 920 4094 ostro.
1060 4035 1120 4092 ⁷00

128 4122 216 4181 Dant
230 4123 331 4183 famuli
345 4127 480 4185 manibus
494 4129 640 4204 lymphas,
657 4128 862 4203 Cereremque
877 4127 1015 4187 canistris

129 4216 315 4295 Expediunl,
330 4221 483 4298 tonsisque
498 4221 595 4278 serunt
610 4222 750 4279 mantelia
763 4221 848 4280 villis.
1070 4206 1077 4219 ⁸

129 4309 362 4392 Quinquaginta
375 4315 454 4373 intus
468 4315 597 4387 famulas,
616 4317 722 4392 quibus
736 4315 838 4374 ordine
852 4316 941 4396 longo

130 4402 221 4465 Cura
235 4427 342 4483 pcnurn
356 4418 483 4482 struere,
500 4424 529 4468 et
544 4410 668 4468 flammis
683 4410 801 4468 adolere
821 4412 960 4470 Penates.

130 4496 267 4559 Centum
281 4502 356 4573 aliae,
373 4503 554 4580 totidemque
569 4524 656 4582 pares
670 4512 757 4562 oetate
772 4504 906 4577 ministri,
1061 4502 1120 4561 ⁷06

129 4590 199 4661 Qui
212 4592 337 4671 dapibus
349 4616 469 4656 mensas
482 4606 607 4657 onerant
621 4606 650 4656 et
664 4597 772 4676 pocula
784 4605 906 4676 ponunt.
