2692 5122
188 407 245 466 ιη
470 401 496 447 Ρ.
518 400 685 447 VlRGlhll
709 401 883 449 Mauouls

184 542 256 601 Vidi
269 542 441 612 Hecubam,
458 549 638 617 centumque
651 560 756 612 nurus,
772 541 983 618 Priamumque
998 559 1052 618 per
1065 558 1137 601 aru

185 637 337 716 Sanguine
353 635 524 706 soedantem,
542 654 616 711 quos
631 634 694 712 ipse
710 643 893 706 sacraverat,
909 635 1005 713 ignes.

185 729 415 807 Quinquaginta
429 730 470 787 illi
484 729 617 800 thalami,
635 748 704 805 spes
718 738 802 786 tanta
816 737 966 806 nepotum,

183 824 350 883 Barbarico
365 833 465 902 postes
479 845 553 882 auro
568 825 730 902 spoliisque
745 824 867 901 superbi

183 916 400 978 Procubudre:
422 928 524 977 tenent
538 919 639 977 Danai
654 920 713 995 qud
739 918 839 976 deficit
855 917 941 996 ignis.
1116 918 1178 975 505

224 1013 364 1072 Forsitan
378 1023 418 1086 et,
434 1014 545 1072 Priami
560 1014 668 1072 suerint
684 1032 750 1090 quoe
765 1012 837 1083 sata,
855 1013 1002 1089 requiras.

184 1108 275 1169 Urbis
289 1111 332 1169 uti
346 1125 442 1189 captae
458 1131 571 1182 casum,
587 1112 790 1186 convulsaque
807 1109 876 1166 vidit

183 1204 303 1265 Limina
317 1215 474 1277 tectorum,
491 1215 520 1263 et
535 1205 663 1263 medium
677 1205 706 1262 in
722 1205 927 1281 penetralibus
941 1203 1067 1276 hostem,

183 1299 278 1359 Arma
292 1300 342 1358 diu
357 1300 458 1358 senior
472 1299 596 1356 desueta
609 1299 804 1360 trementibus
819 1318 883 1355 aero

183 1391 362 1454 circumdat
376 1394 578 1470 nequidquam
593 1392 735 1464 humeris,
751 1403 780 1450 et
796 1393 898 1451 inutile
913 1393 1024 1452 serrum
1117 1394 1178 1450 510

184 1486 336 1566 Cingitur,
353 1507 390 1546 ac
404 1488 513 1545 densos
528 1488 620 1545 fertur
635 1488 793 1544 moriturus
808 1487 837 1544 in
852 1488 963 1545 hostes.
995 1474 1024 1497 ²⁰¹

222 1581 357 1640 AEdibus
370 1583 401 1639 in
415 1582 529 1652 modiis,
546 1581 684 1657 nudoque
699 1582 754 1638 sub
770 1581 889 1639 retheris
908 1600 975 1653 axe,

183 1674 296 1755 Ingens
311 1697 365 1734 ara
380 1676 433 1734 suit
447 1695 454 1744 ;
475 1677 621 1751 juxtbquc
637 1676 796 1733 veterrima
809 1677 912 1733 laurus

183 1770 366 1829 Incumbeus
381 1762 453 1842 arai,
471 1779 560 1846 atque
577 1769 683 1827 umbria
697 1771 851 1847 complexa
865 1770 1004 1828 Penates.

183 1864 248 1924 Hic
261 1865 394 1924 Hecuba
408 1873 437 1923 et
453 1874 530 1923 natae
545 1864 747 1940 nequidquam
762 1863 906 1921 altario
880 1882 1004 1949 circum,
1116 1865 1177 1922 616

183 1958 359 2037 Pracipites
374 1958 511 2017 atrocen
525 1968 703 2035 tempestate
719 1959 874 2029 columbae,

183 2051 365 2125 Condensae,
382 2062 411 2111 et
425 2053 525 2112 dirum
540 2046 683 2129 adrplexae
698 2052 869 2123 simulacra,
886 2022 1041 2112 sedebant.

183 2145 285 2224 Ipsum
301 2156 400 2205 autem
415 2147 539 2225 sumptis
553 2147 705 2204 Priamum
721 2146 911 2220 juvenalibus
926 2146 1016 2204 armis

182 2239 223 2298 Ut
237 2238 328 2298 vidit:
353 2241 432 2307 Quae
445 2261 529 2298 mens
544 2249 603 2297 tam
618 2239 694 2309 dira,
711 2239 875 2297 miserrime
895 2239 1014 2314 conjux,

183 2331 303 2409 Impulit
317 2333 363 2390 his
377 2333 458 2410 cingi
471 2333 538 2390 telis
553 2332 563 2387 ?
585 2343 634 2389 aut
651 2331 709 2408 qub
725 2332 786 2389 ruis
801 2331 811 2387 ?
834 2331 936 2407 iuquit.
1115 2333 1177 2391 620

183 2425 253 2483 Non
267 2427 320 2483 tali
335 2427 444 2511 auxilio
459 2446 516 2483 nec
531 2425 739 2483 defensoribus
753 2425 818 2483 istis

182 2518 316 2596 Tempus
331 2506 422 2597 ἔξω
446 2540 515 2591 uon,
532 2520 558 2577 si
573 2521 635 2596 ipse
650 2540 734 2577 meus
749 2540 828 2577 nuno
844 2520 949 2577 afforet
963 2518 997 2578 H
1036 2526 1093 2579 tor.

182 2612 256 2672 Huc
270 2612 390 2670 taudem
404 2601 537 2671 concede
551 2633 558 2669 z
582 2614 647 2670 haec
663 2632 715 2670 ara
726 2614 858 2671 tuebitur
872 2632 984 2685 omnes,

182 2706 246 2766 Aut
259 2706 386 2764 moriare
401 2707 497 2765 simul.
542 2708 591 2764 Sic
605 2726 656 2765 ore
676 2706 777 2778 effata,
794 2708 907 2785 recepit

181 2801 231 2863 Ad
245 2821 324 2873 sese,
341 2809 370 2858 et
385 2800 474 2859 sacra
489 2802 655 2879 longiorum
671 2802 700 2859 in
715 2802 786 2859 sede
802 2803 921 2861 locavit.
1115 2802 1176 2859 625

221 2895 305 2954 Ecce
321 2905 431 2966 autem,
449 2897 569 2972 elapsus
582 2895 691 2972 Pyrrhi
705 2896 742 2952 de
757 2896 850 2967 caede,
864 2896 987 2967 Polites,

180 2988 267 3048 Unus
281 2998 417 3048 natorum
431 2990 554 3060 Priami,
570 3007 624 3066 per
637 2990 708 3060 tela,
726 3009 778 3067 per
792 2991 893 3048 hostes

180 3083 351 3142 Porticibus
365 3084 461 3161 longis
476 3084 561 3161 sugit,
578 3091 607 3140 et
622 3104 719 3142 vacua
734 3085 809 3142 atria
828 3085 934 3142 lustrat

182 3179 318 3237 Saucius.
362 3177 450 3235 Illum
466 3177 574 3235 ardeus
587 3178 694 3235 infesto
709 3178 831 3236 vulnere
846 3179 981 3257 Pyrrhus

180 3270 363 3348 Insequitur,
376 3271 438 3346 jam
455 3272 578 3346 jamque
593 3292 681 3329 manu
697 3281 789 3344 tenet,
806 3287 835 3331 et
850 3274 956 3351 premit
974 3270 1072 3332 hasta.
1114 3274 1176 3333 5³0

180 3365 220 3424 Ut
234 3366 353 3423 tandem
368 3374 437 3422 aute
452 3366 555 3422 oculos
571 3367 665 3423 evasit
681 3376 710 3424 et
725 3388 778 3425 oro
792 3367 958 3446 parentum,

181 3458 332 3528 Concidit,
349 3477 384 3515 ao
400 3459 490 3516 multo
505 3459 595 3515 vitam
609 3479 677 3517 cum
691 3463 837 3539 sanguine
853 3463 936 3521 sudit.

179 3550 243 3611 Hic
258 3552 406 3623 Priamus,
425 3572 594 3628 quanquam
610 3553 638 3611 in
654 3555 752 3612 mediri
768 3556 830 3631 jam
845 3566 939 3614 morte
953 3563 1084 3630 tenatur,

179 3645 250 3704 Non
264 3655 363 3703 tamen
378 3646 529 3718 abstinuit,
546 3666 603 3705 neo
618 3648 683 3706 voci
698 3649 810 3727 iraeque
826 3651 979 3729 pepercit.

178 3740 220 3797 At
233 3739 286 3796 trbr
300 3759 353 3815 pro
368 3741 495 3811 scelere
512 3741 670 3813 exclamat,
688 3764 741 3820 pro
755 3746 865 3803 talibus
880 3764 973 3819 ausis,
1113 3745 1175 3805 5³5

62 3886 78 3905 κ
178 3828 222 3891 Di
238 3832 277 3906 (si
293 3853 352 3908 qua
367 3844 412 3890 est
427 3836 505 3893 coelo
521 3835 624 3913 pietas,
643 3857 709 3913 qum
723 3839 795 3897 tolia
809 3839 1048 3919 coreo&

177 3923 354 4001 Persolvant
369 3936 470 4004 grates
485 3929 601 4006 dignas,
619 3940 647 3988 et
662 3933 785 4008 praemia
798 3934 923 3993 reddant

177 4017 302 4092 Debita,
319 4021 370 4097 qui
385 4023 445 4080 nati
460 4044 562 4082 coram
577 4045 622 4082 me
638 4024 764 4085 cernere
779 4029 870 4087 letum

178 4113 303 4186 Fecisti,
321 4125 349 4174 ot
365 4117 475 4193 patrios
491 4118 609 4177 soeddsti
624 4120 728 4178 sunere
744 4123 863 4181 vultus!

177 4210 219 4269 At
233 4229 293 4269 non
306 4211 366 4283 ille3
384 4220 479 4271 satum
495 4222 596 4289 quote
610 4215 755 4289 mentiris,
770 4218 906 4278 Achilles
1114 4218 1177 4280 540
