2692 5122
511 825 684 875 AENEIDOS
704 825 774 875 utu.
788 826 819 876 X.

175 965 321 1028 Omnibus
336 973 381 1025 est
396 965 463 1023 vitm
480 984 488 1034 ;
512 967 564 1024 sed
580 968 688 1025 samam
702 968 863 1026 extendere
878 966 977 1038 factis,

175 1060 244 1121 Hoc
260 1061 377 1119 virtutis
392 1080 475 1137 opus.
519 1061 620 1136 Trojae
635 1064 690 1119 sub
705 1063 854 1120 ruoenibus
867 1061 935 1119 ultis

174 1154 234 1215 Tot
246 1156 309 1212 nati
324 1152 461 1213 cecidere
476 1151 564 1212 derim
579 1174 586 1223 ;
612 1155 682 1230 quin
696 1156 804 1213 occidit
820 1153 880 1213 und

178 1248 343 1325 Sarpedon,
361 1267 427 1305 mea
442 1248 611 1326 progenies.
654 1250 754 1307 Etiam
768 1268 824 1307 sua
838 1249 975 1307 Turnum

175 1338 252 1400 Fata
266 1349 385 1413 vocant,
400 1349 556 1417 metasque
571 1342 632 1400 dati
647 1343 782 1420 pervenit
797 1343 834 1401 ad
849 1342 914 1401 oevi.

175 1435 224 1495 sic
239 1435 290 1506 ait,
312 1446 399 1511 atque
415 1437 518 1493 oculos
532 1436 714 1494 Rutulorum
729 1437 825 1512 rejicit
840 1436 931 1496 arvia.

212 1530 253 1589 At
268 1529 371 1587 Pallas
386 1530 502 1607 magnis
517 1531 621 1588 emittit
637 1531 749 1589 viribus
764 1530 891 1602 hastam,

177 1622 357 1702 Vagindque
373 1622 451 1681 cavi
465 1624 628 1702 fulgentem
642 1626 749 1703 deripit
763 1644 875 1682 ensem.

176 1715 231 1776 Illa
244 1718 359 1787 volnus,
374 1718 506 1774 humeris
520 1728 646 1796 surgunt
661 1717 722 1794 qud
735 1719 868 1797 tegmina
882 1736 1006 1789 summa,

176 1809 292 1881 Incidit,
309 1819 410 1886 atque,
428 1811 504 1869 viam
520 1813 618 1889 clypei
631 1813 732 1870 molita
747 1832 800 1890 per
814 1831 894 1883 oras,

175 1904 311 1962 Tandem
326 1905 415 1962 etiam
430 1925 538 1984 magno
554 1907 671 1964 strinxit
685 1907 721 1963 de
736 1925 862 1983 corpore
876 1905 983 1965 Turni.

176 1996 237 2057 Hic
250 1999 373 2056 Turnus
390 1999 469 2058 serre
485 2000 637 2077 praefirum
651 2002 743 2059 robur
762 2013 849 2058 acuto

176 2088 212 2151 ln
223 2090 364 2149 Pallanta
378 2092 426 2150 diu
442 2094 554 2151 librans
564 2094 649 2169 jacit,
668 2103 758 2170 atque
773 2094 814 2151 ita
827 2093 906 2151 fatur
921 2111 928 2151 :

176 2185 316 2263 Adspice,
332 2206 403 2244 num
417 2188 503 2265 magd
518 2188 556 2245 sit
570 2198 703 2246 nostrum
718 2188 902 2266 penetrabile
916 2187 1018 2246 telum.

175 2276 301 2338 Dixerat
317 2299 324 2335 :
348 2290 377 2337 at
393 2281 541 2358 clypeum,
558 2290 600 2339 tot
615 2281 686 2339 ferri
700 2290 797 2358 terga,
813 2288 856 2338 tot
871 2281 950 2352 euris,

176 2374 277 2443 Quum
292 2376 376 2452 pellis
390 2377 499 2433 totiens
513 2378 602 2434 obeat
617 2377 803 2434 circumdata
817 2376 907 2447 tauri,

176 2466 315 2528 Vibranti
329 2470 458 2528 medium
473 2469 574 2546 cuspis
588 2470 812 2527 transverberat
827 2469 899 2540 ictu,

176 2558 353 2640 Lorieaeque
367 2582 465 2621 moras
481 2572 509 2621 et
525 2572 629 2640 peetus
646 2563 776 2640 perforat
791 2563 907 2640 ingens.

178 2655 232 2715 Ille
247 2657 324 2733 rapit
339 2656 469 2715 calidum
483 2657 594 2714 frustra
607 2655 644 2713 de
660 2657 782 2714 vulnere
796 2656 887 2712 telum
902 2674 910 2725 ;

177 2748 425 2828 uadentemque
441 2751 490 2809 vit
505 2753 628 2829 sanguis
643 2751 819 2826 animusque
834 2758 1010 2826 sequuntur.

179 2842 303 2904 Corruit
315 2846 344 2903 in
360 2846 487 2914 vulnus;
513 2846 640 2902 sonitum
655 2844 745 2921 super
759 2863 842 2902 arma
857 2842 968 2903 dedere
983 2863 992 2915 ;

178 2936 215 2997 ut
228 2949 341 2997 terrem
357 2940 492 2997 hostilem
507 2940 640 2996 moriens
656 2940 793 3016 petitore
809 2948 943 2998 cruento.

178 3031 276 3101 Quem
290 3034 411 3090 Turnus
427 3053 517 3111 super
531 3034 675 3097 assistens
691 3053 697 3090 :

213 3127 363 3194 Arcades,
381 3127 456 3198 haec,
473 3129 577 3202 inquit,
595 3147 742 3202 memores
756 3148 824 3186 mea
838 3128 918 3186 dicte
938 3126 1049 3186 referte

179 3219 339 3280 Evandro:
363 3220 493 3287 Qualem
507 3223 624 3293 meruit,
641 3222 778 3280 Pallanta
793 3222 920 3280 remitto.

180 3313 323 3391 Quisquis
337 3315 430 3372 honos
445 3315 559 3385 tumuli,
578 3315 719 3392 quidquid
734 3316 867 3372 solamen
881 3312 1024 3371 humandi
1037 3320 1096 3383 eat,

178 3406 316 3486 Largior.
359 3407 453 3465 Haud
468 3407 509 3464 illi
524 3410 644 3466 stabunt
658 3409 774 3465 AEneia
788 3427 881 3484 parvo

179 3499 330 3578 Hospitia.
373 3502 413 3558 Et
429 3502 504 3558 laevo
520 3501 627 3577 pressit
643 3501 729 3577 pede,
745 3501 817 3557 talia
830 3500 921 3570 satus,
1111 3498 1171 3556 495

179 3593 365 3665 Exanimem,
384 3595 503 3671 rapiens
518 3595 657 3651 immania
673 3595 804 3670 pondera
818 3592 920 3662 baltei,

181 3687 422 3766 lmpreesumque
438 3689 543 3746 nefas:
566 3687 627 3746 unci
640 3691 695 3746 sub
710 3696 797 3766 nocte
808 3687 906 3765 jugali

181 3781 271 3842 Caesa
287 3802 391 3840 manus
401 3782 545 3858 juvenum
561 3782 650 3853 soede,
667 3783 848 3859 thalamique
863 3780 980 3840 cruenti
994 3801 1002 3851 ;

182 3875 258 3944 Quae
274 3877 390 3935 Clonus
404 3876 567 3953 Eurytides
582 3878 673 3934 multo
688 3877 848 3934 caelaverat
863 3894 958 3933 auro:

181 3970 250 4039 Quo
265 3990 345 4029 nunc
359 3970 481 4028 Turnus
496 3979 563 4028 ovat
578 3971 671 4047 spolio
686 3970 857 4048 gaudetque
872 3969 990 4046 potitus.
1112 3969 1172 4027 500

182 4063 294 4123 Nescia
309 4083 393 4121 mens
408 4065 557 4122 hominum
572 4064 623 4122 sati
639 4066 788 4140 sortisque
803 4064 922 4134 soture,

183 4158 219 4216 Et
233 4178 358 4217 servare
373 4158 500 4229 modum,
517 4161 607 4216 rebus
622 4160 740 4217 sublata
754 4157 894 4215 secundis
908 4160 914 4214 l

182 4253 285 4312 Turno
300 4262 415 4329 tempus
430 4254 495 4322 erit,
513 4272 621 4330 magno
637 4273 726 4330 quum
740 4252 886 4329 optaverit
901 4259 1032 4330 emptum

181 4343 331 4404 lutuctum
345 4345 492 4416 Pallanta,
510 4355 538 4403 et
555 4365 644 4422 quum
659 4347 753 4423 spolia
768 4347 825 4404 ista
838 4346 976 4422 diemque
1084 4370 1088 4375 ·

181 4436 296 4498 Oderit.
339 4441 379 4497 At
393 4441 466 4498 socii
481 4440 573 4498 multo
588 4440 697 4516 gemitu
716 4441 915 4517 lacrymisque
1114 4439 1172 4496 606

182 4531 356 4610 Impositum
371 4544 455 4590 scuto
470 4534 603 4591 referunt
617 4533 755 4591 Pallanta
769 4534 953 4609 frequentes.

183 4626 308 4686 odoror
323 4634 412 4704 atque
426 4626 520 4685 decus
533 4645 675 4705 magnum
687 4626 819 4685 rediture
838 4625 955 4704 parenti
967 4628 975 4682 l
