2692 5122
180 385 239 443 ῃ
469 379 496 425 r.
515 378 681 426 vinornn
700 378 876 427 aaronis

181 520 226 578 Sit
240 519 378 577 Romans
392 527 496 596 potens
511 517 590 576 luit
603 519 710 576 virtute
724 537 876 596 propago:

181 613 311 684 Occidit,
328 613 530 688 occideritque
545 614 628 671 sinus
642 632 709 670 cum
723 613 852 683 nomine,
866 612 968 689 Trojs.

220 708 281 766 Olli
293 707 451 765 subridens
464 708 616 765 bominum
629 726 790 783 rerumque
804 717 959 784 repertor:

180 803 221 860 Et
234 822 380 880 germane
393 803 489 873 Jovis,
506 803 687 877 Saturnique
701 803 797 859 alters
811 802 921 878 proles,
1110 803 1173 862 m

180 896 298 955 Irarum
312 906 412 955 tantos
426 897 520 955 volvis
533 899 589 954 sub
604 906 725 973 pectore
740 896 848 954 fluctus
863 900 870 953 !

179 991 294 1049 Verium
308 1011 377 1069 ege,
395 1000 424 1049 et
439 991 590 1068 inceptum
603 991 714 1049 frustra
728 991 866 1048 submitte
881 990 1011 1049 sororem
1025 1010 1035 1048 ε

179 1085 229 1143 Ι)ο
244 1085 321 1161 quod
337 1087 391 1156 vis,
408 1094 438 1143 et
450 1104 498 1142 me
514 1085 670 1160 victusque
686 1085 846 1160 volensque
861 1085 988 1143 remitto.

180 1181 354 1238 Sermonem
367 1179 494 1236 Ausonii
508 1179 635 1255 petrium
650 1198 807 1255 moresque
822 1180 965 1236 tenebunt
978 1198 988 1247 ;

179 1273 279 1349 thue
294 1282 350 1344 est,
367 1292 474 1331 nomen
489 1274 546 1330 erit
562 1291 569 1330 :
591 1273 741 1330 commixti
754 1292 880 1349 corpore
893 1273 1010 1331 tentum
1107 1272 1170 1332 886

180 1367 340 1425 Subsident
353 1366 477 1425 Teucri.
520 1367 637 1424 Morem
651 1368 785 1442 ritusque
799 1385 955 1424 sacrorum

178 1462 336 1537 Adjiciom,
354 1462 521 1537 faciamque
536 1481 639 1519 omnes
654 1481 713 1519 uno
727 1481 779 1518 ore
792 1460 927 1518 Latinos

178 1555 261 1613 Hine
274 1575 382 1633 genus,
398 1555 532 1613 Ausonio
546 1556 667 1612 mixtum
682 1554 760 1630 quod
774 1554 920 1631 sanguine
934 1564 1050 1632 surget,

179 1649 276 1726 Supra
291 1650 437 1720 hemines,
453 1668 545 1725 supra
558 1650 602 1706 ire
616 1649 689 1706 deos
704 1649 812 1725 pietate
827 1647 942 1705 videbis
957 1666 965 1716 ;

177 1748 206 1806 N
209 1766 244 1805 ec
259 1767 335 1825 gens
350 1747 410 1804 ulls
424 1755 491 1804 tuos
506 1746 591 1823 seque
607 1747 771 1803 'celebrabit
784 1746 922 1803 bonores.

178 1842 290 1899 Annuit
305 1842 351 1899 bis
364 1841 456 1910 Juuo,
473 1849 501 1897 et
516 1849 645 1897 mentem
660 1840 761 1898 laetots
774 1838 902 1897 retorsit.

177 1933 301 1993 Interes
314 1934 432 1993 excedit
447 1935 536 2004 coelo,
553 1935 721 2009 nubemque
737 1933 865 2008 reliquit.

218 2029 278 2087 His
293 2030 379 2099 actis,
397 2028 476 2086 eliud
490 2028 619 2086 Genitor
632 2047 735 2086 secum
750 2027 813 2104 ipse
831 2027 943 2085 volutat
959 2045 968 2094 ;

176 2124 399 2199 Juturnsmque
414 2131 500 2199 perat
514 2121 614 2180 sretris
628 2121 775 2179 dimittere
790 2122 827 2178 eb
842 2121 942 2179 ermis

176 2218 329 2275 Dicuntur
341 2217 469 2294 geminis
484 2225 585 2292 pestes
598 2215 774 2293 cognomine
788 2215 884 2286 Dirae,

177 2311 264 2379 Quas
279 2319 308 2368 et
322 2310 501 2368 Tartareum
515 2310 544 2367 N
547 2329 586 2367 ox
598 2310 776 2386 intempeste
787 2308 955 2386 Megaerem

177 2404 244 2463 Uno
258 2404 423 2480 eodemque
437 2404 503 2461 tulit
519 2412 617 2480 partu,
634 2405 814 2480 paribusque
829 2403 955 2460 revinxit

177 2495 355 2575 Serpentitm
369 2498 468 2575 spiris,
485 2506 686 2572 ventosusque
699 2497 810 2554 addidit
824 2497 901 2554 olus.

176 2592 237 2651 Hae
250 2592 335 2649 Jovis
351 2591 388 2648 sd
402 2592 519 2661 solium,
535 2591 666 2667 saevique
682 2591 711 2648 in
725 2591 824 2648 limine
839 2591 931 2667 regis,

176 2685 343 2763 Apparent,
359 2694 531 2759 acuuntque
545 2693 655 2741 metum
670 2686 843 2742 mortalibus
858 2685 958 2761 aegris,

176 2780 207 2837 Si
224 2778 341 2855 qusndo
355 2778 447 2835 letum
462 2778 630 2835 horrificum
645 2779 824 2853 morbosque
839 2778 927 2837 deum
942 2798 996 2837 rex
1032 2820 1036 2828 -

176 2873 310 2943 Molitur,
327 2872 448 2930 meritus
463 2881 513 2929 eut
528 2872 607 2929 bello
620 2873 737 2930 territet
753 2875 852 2931 urbes.

176 2968 296 3025 Harum
311 2986 399 3024 unum
413 2967 543 3024 celerem
558 2966 674 3024 demisit
689 2968 726 3024 ob
742 2967 853 3025 aetbere
867 2987 983 3025 summo

175 3063 305 3139 Jupiter,
322 3062 412 3137 inque
426 3080 513 3118 omen
526 3061 546 3118 J
551 3070 665 3118 uturnoe
678 3080 840 3119 occurrere
850 3062 949 3136 jussit.

177 3156 233 3213 Illa
247 3156 336 3225 volat,
353 3155 506 3231 celerique
521 3154 559 3211 ad
573 3164 685 3212 terram
699 3156 816 3212 turbine
831 3155 925 3213 sertur
940 3173 947 3211 τ

176 3250 245 3307 Non
260 3269 350 3306 secus
365 3268 401 3307 ac
416 3268 508 3305 nervo
523 3267 576 3324 per
590 3251 697 3306 nubem
712 3248 837 3325 impulse
852 3249 972 3326 sagitte,

175 3344 330 3399 Armatam
345 3342 417 3401 soevi
431 3342 562 3400 Parthus
577 3361 665 3417 quern
679 3342 747 3399 selle
764 3343 882 3412 veneni,

175 3436 315 3505 Parthus,
332 3437 395 3493 sive
411 3435 529 3511 Cydon,
546 3437 636 3494 telum
652 3435 880 3506 immedicabile,
896 3435 1002 3504 torsit;

176 3531 320 3600 Stridens,
338 3539 367 3587 et
383 3530 499 3587 celeres
514 3531 666 3607 incognita
679 3530 808 3587 transilit
822 3531 952 3588 umbras.

174 3624 260 3682 Talis
275 3644 308 3681 se
323 3631 388 3680 sets
403 3623 500 3681 Nocte
515 3623 592 3693 tulit,
608 3633 764 3699 terresque
780 3624 890 3700 petivit.

216 3718 379 3794 Postquam
393 3718 475 3775 ecies
491 3717 568 3776 videt
583 3717 694 3776 Iliacus
709 3727 800 3795 etque
812 3717 933 3796 agmina
946 3717 1055 3789 Turni,

176 3811 264 3868 Alitis
279 3813 307 3869 in
323 3830 423 3888 pnrvae
439 3812 567 3869 subitam
581 3812 709 3869 collecta
725 3813 863 3889 ligurem,

176 3906 255 3974 Quos
270 3909 418 3983 quondam
432 3908 462 3965 in
477 3908 582 3978 bustis,
599 3917 650 3966 eut
665 3908 842 3966 culminibus
856 3906 994 3978 desertis,

176 3999 274 4058 Nocte
289 4003 397 4060 sedens
412 4002 511 4060 serium
525 4004 603 4060 enuit
620 4004 787 4078 importuna
802 4021 856 4079 per
870 4002 1012 4060 umbras:

176 4094 267 4152 Hanc
283 4115 369 4153 versu
384 4097 413 4153 in
429 4096 547 4166 ssciem,
562 4096 658 4155 Turni
672 4116 705 4154 se
721 4097 814 4173 pestis
828 4097 866 4154 ob
881 4114 936 4153 ors
1110 4093 1166 4157 865

177 4189 308 4266 Fertque
322 4190 475 4266 refertque
487 4207 609 4261 sensns,
626 4190 824 4268 clypeumque
838 4190 997 4250 ererberst
1012 4188 1078 4248 slis

338 4340 346 4371 l
